%% This BibTeX bibliography file was created using BibDesk.
%% http://bibdesk.sourceforge.net/

%% Created for msong at 2016-11-10 15:32:16 +0900 


%% Saved with string encoding Unicode (UTF-8) 



@article{Adler:2006bw,
	Archiveprefix = {arXiv},
	Author = {Adler, S.S. and others},
	Collaboration = {PHENIX Collaboration},
	Date-Added = {2016-11-10 06:32:01 +0000},
	Date-Modified = {2016-11-10 06:32:01 +0000},
	Doi = {10.1103/PhysRevC.76.034904},
	Eprint = {nucl-ex/0611007},
	Journal = {Phys.Rev.},
	Pages = {034904},
	Primaryclass = {nucl-ex},
	Slaccitation = {%%CITATION = NUCL-EX/0611007;%%},
	Title = {{A Detailed Study of High-p(T) Neutral Pion Suppression and Azimuthal Anisotropy in Au+Au Collisions at s(NN)**(1/2) = 200-GeV}},
	Volume = {C76},
	Year = {2007},
	Bdsk-Url-1 = {http://dx.doi.org/10.1103/PhysRevC.76.034904}}

@article{Abelev:2012hxa,
	Archiveprefix = {arXiv},
	Author = {Abelev, Betty and others},
	Collaboration = {ALICE Collaboration},
	Date-Added = {2016-11-10 06:32:01 +0000},
	Date-Modified = {2016-11-10 06:32:01 +0000},
	Doi = {10.1016/j.physletb.2013.01.051},
	Eprint = {1208.2711},
	Journal = {Phys.Lett.},
	Pages = {52-62},
	Primaryclass = {hep-ex},
	Slaccitation = {%%CITATION = ARXIV:1208.2711;%%},
	Title = {{Centrality Dependence of Charged Particle Production at Large Transverse Momentum in Pb--Pb Collisions at $\sqrt{s_{\rm{NN}}} = 2.76$ TeV}},
	Volume = {B720},
	Year = {2013},
	Bdsk-Url-1 = {http://dx.doi.org/10.1016/j.physletb.2013.01.051}}

@article{Voloshin:2008dg,
	Archiveprefix = {arXiv},
	Author = {Voloshin, Sergei A. and Poskanzer, Arthur M. and Snellings, Raimond},
	Date-Added = {2016-11-10 06:32:01 +0000},
	Date-Modified = {2016-11-10 06:32:01 +0000},
	Eprint = {0809.2949},
	Primaryclass = {nucl-ex},
	Slaccitation = {%%CITATION = ARXIV:0809.2949;%%},
	Title = {{Collective phenomena in non-central nuclear collisions}},
	Year = {2008}}

@article{Chatrchyan:2012ta,
	Archiveprefix = {arXiv},
	Author = {Chatrchyan, Serguei and others},
	Collaboration = {CMS Collaboration},
	Date-Added = {2016-11-10 06:32:01 +0000},
	Date-Modified = {2016-11-10 06:32:01 +0000},
	Doi = {10.1103/PhysRevC.87.014902},
	Eprint = {1204.1409},
	Journal = {Phys.Rev.},
	Pages = {014902},
	Primaryclass = {nucl-ex},
	Reportnumber = {CMS-HIN-10-002, CERN-PH-EP-2012-095},
	Slaccitation = {%%CITATION = ARXIV:1204.1409;%%},
	Title = {{Measurement of the elliptic anisotropy of charged particles produced in PbPb collisions at nucleon-nucleon center-of-mass energy = 2.76 TeV}},
	Volume = {C87},
	Year = {2013},
	Bdsk-Url-1 = {http://dx.doi.org/10.1103/PhysRevC.87.014902}}

@article{Adare:2012wg,
	Archiveprefix = {arXiv},
	Author = {Adare, A. and others},
	Collaboration = {PHENIX Collaboration},
	Date-Added = {2016-11-10 06:32:01 +0000},
	Date-Modified = {2016-11-10 06:32:01 +0000},
	Doi = {10.1103/PhysRevC.87.034911},
	Eprint = {1208.2254},
	Journal = {Phys.Rev.},
	Number = {3},
	Pages = {034911},
	Primaryclass = {nucl-ex},
	Slaccitation = {%%CITATION = ARXIV:1208.2254;%%},
	Title = {{Neutral pion production with respect to centrality and reaction plane in Au$+$Au collisions at $\sqrt{s_{NN}}$=200 GeV}},
	Volume = {C87},
	Year = {2013},
	Bdsk-Url-1 = {http://dx.doi.org/10.1103/PhysRevC.87.034911}}

@article{PhysRevLett.88.022301,
	Author = {Adcox, K. and Adler, S. S. and Ajitanand, N. N. and Akiba, Y. and Alexander, J. and Aphecetche, L. and Arai, Y. and Aronson, S. H. and Averbeck, R. and Awes, T. C. and Barish, K. N. and Barnes, P. D. and Barrette, J. and Bassalleck, B. and Bathe, S. and Baublis, V. and Bazilevsky, A. and Belikov, S. and Bellaiche, F. G. and Belyaev, S. T. and Bennett, M. J. and Berdnikov, Y. and Botelho, S. and Brooks, M. L. and Brown, D. S. and Bruner, N. and Bucher, D. and Buesching, H. and Bumazhnov, V. and Bunce, G. and Burward-Hoy, J. and Butsyk, S. and Carey, T. A. and Chand, P. and Chang, J. and Chang, W. C. and Chavez, L. L. and Chernichenko, S. and Chi, C. Y. and Chiba, J. and Chiu, M. and Choudhury, R. K. and Christ, T. and Chujo, T. and Chung, M. S. and Chung, P. and Cianciolo, V. and Cole, B. A. and D'Enterria, D. G. and David, G. and Delagrange, H. and Denisov, A. and Deshpande, A. and Desmond, E. J. and Dietzsch, O. and Dinesh, B. V. and Drees, A. and Durum, A. and Dutta, D. and Ebisu, K. and Efremenko, Y. V. and El Chenawi, K. and En'yo, H. and Esumi, S. and Ewell, L. and Ferdousi, T. and Fields, D. E. and Fokin, S. L. and Fraenkel, Z. and Franz, A. and Frawley, A. D. and Fung, S.-Y. and Garpman, S. and Ghosh, T. K. and Glenn, A. and Godoi, A. L. and Goto, Y. and Greene, S. V. and Grosse Perdekamp, M. and Gupta, S. K. and Guryn, W. and Gustafsson, H.-\AA{}. and Haggerty, J. S. and Hamagaki, H. and Hansen, A. G. and Hara, H. and Hartouni, E. P. and Hayano, R. and Hayashi, N. and He, X. and Hemmick, T. K. and Heuser, J. M. and Hibino, M. and Hill, J. C. and Ho, D. S. and Homma, K. and Hong, B. and Hoover, A. and Ichihara, T. and Imai, K. and Ippolitov, M. S. and Ishihara, M. and Jacak, B. V. and Jang, W. Y. and Jia, J. and Johnson, B. M. and Johnson, S. C. and Joo, K. S. and Kametani, S. and Kang, J. H. and Kann, M. and Kapoor, S. S. and Kelly, S. and Khachaturov, B. and Khanzadeev, A. and Kikuchi, J. and Kim, D. J. and Kim, H. J. and Kim, S. Y. and Kim, Y. G. and Kinnison, W. W. and Kistenev, E. and Kiyomichi, A. and Klein-Boesing, C. and Klinksiek, S. and Kochenda, L. and Kochetkov, V. and Koehler, D. and Kohama, T. and Kotchetkov, D. and Kozlov, A. and Kroon, P. J. and Kurita, K. and Kweon, M. J. and Kwon, Y. and Kyle, G. S. and Lacey, R. and Lajoie, J. G. and Lauret, J. and Lebedev, A. and Lee, D. M. and Leitch, M. J. and Li, X. H. and Li, Z. and Lim, D. J. and Liu, M. X. and Liu, X. and Liu, Z. and Maguire, C. F. and Mahon, J. and Makdisi, Y. I. and Manko, V. I. and Mao, Y. and Mark, S. K. and Markacs, S. and Martinez, G. and Marx, M. D. and Masaike, A. and Matathias, F. and Matsumoto, T. and McGaughey, P. L. and Melnikov, E. and Merschmeyer, M. and Messer, F. and Messer, M. and Miake, Y. and Miller, T. E. and Milov, A. and Mioduszewski, S. and Mischke, R. E. and Mishra, G. C. and Mitchell, J. T. and Mohanty, A. K. and Morrison, D. P. and Moss, J. M. and M\"uhlbacher, F. and Muniruzzaman, M. and Murata, J. and Nagamiya, S. and Nagasaka, Y. and Nagle, J. L. and Nakada, Y. and Nandi, B. K. and Newby, J. and Nikkinen, L. and Nilsson, P. and Nishimura, S. and Nyanin, A. S. and Nystrand, J. and O'Brien, E. and Ogilvie, C. A. and Ohnishi, H. and Ojha, I. D. and Ono, M. and Onuchin, V. and Oskarsson, A. and \"Osterman, L. and Otterlund, I. and Oyama, K. and Paffrath, L. and Palounek, A. P. T. and Pantuev, V. S. and Papavassiliou, V. and Pate, S. F. and Peitzmann, T. and Petridis, A. N. and Pinkenburg, C. and Pisani, R. P. and Pitukhin, P. and Plasil, F. and Pollack, M. and Pope, K. and Purschke, M. L. and Ravinovich, I. and Read, K. F. and Reygers, K. and Riabov, V. and Riabov, Y. and Rosati, M. and Rose, A. A. and Ryu, S. S. and Saito, N. and Sakaguchi, A. and Sakaguchi, T. and Sako, H. and Sakuma, T. and Samsonov, V. and Sangster, T. C. and Santo, R. and Sato, H. D. and Sato, S. and Sawada, S. and Schlei, B. R. and Schutz, Y. and Semenov, V. and Seto, R. and Shea, T. K. and Shein, I. and Shibata, T.-A. and Shigaki, K. and Shiina, T. and Shin, Y. H. and Sibiriak, I. G. and Silvermyr, D. and Sim, K. S. and Simon-Gillo, J. and Singh, C. P. and Singh, V. and Sivertz, M. and Soldatov, A. and Soltz, R. A. and Sorensen, S. and Stankus, P. W. and Starinsky, N. and Steinberg, P. and Stenlund, E. and Ster, A. and Stoll, S. P. and Sugioka, M. and Sugitate, T. and Sullivan, J. P. and Sumi, Y. and Sun, Z. and Suzuki, M. and Takagui, E. M. and Taketani, A. and Tamai, M. and Tanaka, K. H. and Tanaka, Y. and Taniguchi, E. and Tannenbaum, M. J. and Thomas, J. and Thomas, J. H. and Thomas, T. L. and Tian, W. and Tojo, J. and Torii, H. and Towell, R. S. and Tserruya, I. and Tsuruoka, H. and Tsvetkov, A. A. and Tuli, S. K. and Tydesj\"o, H. and Tyurin, N. and Ushiroda, T. and van Hecke, H. W. and Velissaris, C. and Velkovska, J. and Velkovsky, M. and Vinogradov, A. A. and Volkov, M. A. and Vorobyov, A. and Vznuzdaev, E. and Wang, H. and Watanabe, Y. and White, S. N. and Witzig, C. and Wohn, F. K. and Woody, C. L. and Xie, W. and Yagi, K. and Yokkaichi, S. and Young, G. R. and Yushmanov, I. E. and Zajc, W. A. and Zhang, Z. and Zhou, S.},
	Collaboration = {(PHENIX Collaboration)},
	Date-Added = {2016-11-10 06:32:01 +0000},
	Date-Modified = {2016-11-10 06:32:01 +0000},
	Doi = {10.1103/PhysRevLett.88.022301},
	Issue = {2},
	Journal = {Phys. Rev. Lett.},
	Month = {Dec},
	Numpages = {6},
	Pages = {022301},
	Publisher = {American Physical Society},
	Title = {Suppression of Hadrons with Large Transverse Momentum in Central $Au+Au$ Collisions at $\sqrt{{s}_{\mathrm{NN}}}\phantom{\rule{0ex}{0ex}}=\phantom{\rule{0ex}{0ex}}130\mathrm{GeV}$},
	Url = {http://link.aps.org/doi/10.1103/PhysRevLett.88.022301},
	Volume = {88},
	Year = {2001},
	Bdsk-Url-1 = {http://link.aps.org/doi/10.1103/PhysRevLett.88.022301},
	Bdsk-Url-2 = {http://dx.doi.org/10.1103/PhysRevLett.88.022301}}

@article{Alver:2008aq,
	Archiveprefix = {arXiv},
	Author = {Alver, B. and Baker, M. and Loizides, C. and Steinberg, P.},
	Date-Added = {2016-11-10 06:32:01 +0000},
	Date-Modified = {2016-11-10 06:32:01 +0000},
	Eprint = {0805.4411},
	Primaryclass = {nucl-ex},
	Slaccitation = {%%CITATION = ARXIV:0805.4411;%%},
	Title = {{The PHOBOS Glauber Monte Carlo}},
	Year = {2008}}

@article{Liao:2009ni,
	Archiveprefix = {arXiv},
	Author = {Liao, Jinfeng and Koch, Volker},
	Date-Added = {2016-11-10 06:15:28 +0000},
	Date-Modified = {2016-11-10 06:15:28 +0000},
	Doi = {10.1103/PhysRevLett.103.042302},
	Eprint = {0902.2377},
	Journal = {Phys. Rev. Lett.},
	Pages = {042302},
	Primaryclass = {nucl-th},
	Slaccitation = {%%CITATION = ARXIV:0902.2377;%%},
	Title = {{Exposing the non-collectivity in elliptic flow}},
	Volume = {103},
	Year = {2009},
	Bdsk-Url-1 = {http://dx.doi.org/10.1103/PhysRevLett.103.042302}}

@article{Adcox:2001jp,
	Archiveprefix = {arXiv},
	Author = {Adcox, K. and others},
	Collaboration = {PHENIX},
	Date-Added = {2016-11-10 04:55:32 +0000},
	Date-Modified = {2016-11-10 04:55:32 +0000},
	Doi = {10.1103/PhysRevLett.88.022301},
	Eprint = {nucl-ex/0109003},
	Journal = {Phys. Rev. Lett.},
	Pages = {022301},
	Primaryclass = {nucl-ex},
	Slaccitation = {%%CITATION = NUCL-EX/0109003;%%},
	Title = {{Suppression of hadrons with large transverse momentum in central Au+Au collisions at $\sqrt{s_{NN}}$ = 130-GeV}},
	Volume = {88},
	Year = {2002},
	Bdsk-Url-1 = {http://dx.doi.org/10.1103/PhysRevLett.88.022301}}

@article{1742-6596-219-7-072023,
	Abstract = {The Czech Republic (CR) has been participating in the LHC Computing Grid project (LCG) ever since 2003 and gradually, a middle-sized Tier-2 center has been built in Prague, delivering computing services for national HEP experiments groups including the ALICE project at the LHC. We present a brief overview of the computing activities and services being performed in the CR for the ALICE experiment.},
	Author = {D Adamov{\'a} and J Chudoba and T Kouba and P Mendez Lorenzo and P Saiz and J {\v S}vec and J Hampl},
	Date-Added = {2016-11-08 08:15:29 +0000},
	Date-Modified = {2016-11-08 08:15:29 +0000},
	Journal = {Journal of Physics: Conference Series},
	Number = {7},
	Pages = {072023},
	Title = {Status of the Grid Computing for the ALICE Experiment in the Czech Republic},
	Url = {http://stacks.iop.org/1742-6596/219/i=7/a=072023},
	Volume = {219},
	Year = {2010},
	Bdsk-Url-1 = {http://stacks.iop.org/1742-6596/219/i=7/a=072023}}

@article{oppedisano2009physics,
	Author = {Oppedisano, C and Arnaldi, R and Chiavassa, E and Cical{\`o}, C and Cortese, P and De Falco, A and Dellacasa, G and De Marco, N and Ferretti, A and Floris, M and others},
	Date-Added = {2016-11-08 08:12:29 +0000},
	Date-Modified = {2016-11-08 08:12:29 +0000},
	Journal = {Nuclear Physics B-Proceedings Supplements},
	Number = {1},
	Pages = {206--210},
	Publisher = {Elsevier},
	Title = {Physics performance of the ALICE Zero Degree Calorimeter},
	Volume = {197},
	Year = {2009}}

@techreport{cortese2004alice,
	Author = {Cortese, P and Chambert, V and Simon, RS and Contreras, JG and Van de Vyvre, P and Di Bartolomeo, A and Petrov, VS and De Haas, AP and Navach, F and Kolojvari, AA and others},
	Date-Added = {2016-11-08 08:09:47 +0000},
	Date-Modified = {2016-11-08 08:09:47 +0000},
	Institution = {ALICE-TDR-011},
	Title = {ALICE forward detectors: FMD, TO and VO},
	Year = {2004}}

@article{rene2010alice,
	Author = {Rene Bellwied for the ALICE EMCal Collaboration and others},
	Date-Added = {2016-11-08 08:09:12 +0000},
	Date-Modified = {2016-11-08 08:09:12 +0000},
	Journal = {arXiv preprint arXiv:1008.0413},
	Title = {ALICE EMCal Physics Performance Report},
	Year = {2010}}

@article{1742-6596-160-1-012045,
	Abstract = {The ALICE PHOton Spectrometer (PHOS) is designed to detect photons in nucleus-nucleus collisions at the Large Hadron Collider (LHC). The basic design and the measured performance with the first constructed module are shown. The installation schedule and the future construction plan are reported.},
	Author = {Hisayuki Torii and the ALICE-PHOS Collaborations},
	Date-Added = {2016-11-08 08:08:46 +0000},
	Date-Modified = {2016-11-08 08:08:46 +0000},
	Journal = {Journal of Physics: Conference Series},
	Number = {1},
	Pages = {012045},
	Title = {The ALICE PHOS calorimeter},
	Url = {http://stacks.iop.org/1742-6596/160/i=1/a=012045},
	Volume = {160},
	Year = {2009},
	Bdsk-Url-1 = {http://stacks.iop.org/1742-6596/160/i=1/a=012045}}

@article{Molnar:2008pr,
	Archiveprefix = {arXiv},
	Author = {Molnar, Levente},
	Booktitle = {{Proceedings, 6th International Workshop on Ring Imaging Cherenkov Detectors (RICH 2007): Trieste, Italy, October 15-20, 2007}},
	Collaboration = {ALICE HMPID},
	Date-Added = {2016-11-08 08:07:42 +0000},
	Date-Modified = {2016-11-08 08:07:42 +0000},
	Doi = {10.1016/j.nima.2008.07.088},
	Eprint = {0805.0737},
	Journal = {Nucl. Instrum. Meth.},
	Pages = {27-30},
	Primaryclass = {nucl-ex},
	Slaccitation = {%%CITATION = ARXIV:0805.0737;%%},
	Title = {{The ALICE HMPID detector ready for collisions at the LHC}},
	Volume = {A595},
	Year = {2008},
	Bdsk-Url-1 = {http://dx.doi.org/10.1016/j.nima.2008.07.088}}

@article{alici2013mrpc,
	Author = {Alici, Andrea and ALICE Collaboration and others},
	Date-Added = {2016-11-08 08:07:05 +0000},
	Date-Modified = {2016-11-08 08:07:05 +0000},
	Journal = {Nuclear Instruments and Methods in Physics Research Section A: Accelerators, Spectrometers, Detectors and Associated Equipment},
	Pages = {29--32},
	Publisher = {Elsevier},
	Title = {The MRPC-based ALICE time-of-flight detector: status andperformance},
	Volume = {706},
	Year = {2013}}

@book{Cortese:519145,
	Address = {Geneva},
	Author = {Cortese, P},
	Collaboration = {ALICE Collaboration},
	Date-Added = {2016-11-08 08:06:24 +0000},
	Date-Modified = {2016-11-08 08:06:24 +0000},
	Publisher = {CERN},
	Series = {Technical Design Report ALICE},
	Title = {{ALICE transition-radiation detector: Technical Design Report}},
	Url = {https://cds.cern.ch/record/519145},
	Year = {2001},
	Bdsk-Url-1 = {https://cds.cern.ch/record/519145}}

@article{collaboration2013performance,
	Author = {Collaboration, ALICE},
	Date-Added = {2016-11-08 08:04:05 +0000},
	Date-Modified = {2016-11-08 08:04:05 +0000},
	Journal = {arXiv preprint arXiv:1306.3130},
	Title = {Performance of the ALICE VZERO system},
	Year = {2013}}

@techreport{CERN-LHCC-2013-020,
	Collaboration = {The ALICE Collaboration},
	Date-Added = {2016-11-08 07:57:48 +0000},
	Date-Modified = {2016-11-08 07:57:48 +0000},
	Month = {Oct},
	Number = {CERN-LHCC-2013-020. ALICE-TDR-016},
	Reportnumber = {CERN-LHCC-2013-020},
	Title = {{Upgrade of the ALICE Time Projection Chamber}},
	Url = {https://cds.cern.ch/record/1622286},
	Year = {2013},
	Bdsk-Url-1 = {https://cds.cern.ch/record/1622286}}

@article{Alessandro:2010rq,
	Archiveprefix = {arXiv},
	Author = {Alessandro, B. and others},
	Date-Added = {2016-11-08 07:55:11 +0000},
	Date-Modified = {2016-11-08 07:55:11 +0000},
	Doi = {10.1088/1748-0221/5/02/P02008},
	Eprint = {1001.2276},
	Journal = {JINST},
	Pages = {P02008},
	Primaryclass = {nucl-ex},
	Slaccitation = {%%CITATION = ARXIV:1001.2276;%%},
	Title = {{Charge collection in the Silicon Drift Detectors of the ALICE experiment}},
	Volume = {5},
	Year = {2010},
	Bdsk-Url-1 = {http://dx.doi.org/10.1088/1748-0221/5/02/P02008}}

@phdthesis{Contin:2009lza,
	Author = {Contin, Giacomo},
	Date-Added = {2016-11-08 07:54:32 +0000},
	Date-Modified = {2016-11-08 07:54:32 +0000},
	Reportnumber = {CERN-THESIS-2009-178},
	School = {Trieste U.},
	Slaccitation = {%%CITATION = CERN-THESIS-2009-178;%%},
	Title = {{The Silicon Strip Detector (SSD) for the ALICE experiment at LHC: construction, characterization and charged particles multiplicity studies}},
	Url = {http://inspirehep.net/record/886897/files/CERN-THESIS-2009-178.pdf},
	Year = {2009},
	Bdsk-Url-1 = {http://inspirehep.net/record/886897/files/CERN-THESIS-2009-178.pdf}}

@article{Contin:2011rs,
	Archiveprefix = {arXiv},
	Author = {Contin, Giacomo},
	Booktitle = {{Proceedings, 30th International Conference on Physics in collision (PIC 2010): Karlsruhe, Germany, September 1-4, 2010}},
	Collaboration = {ALICE},
	Date-Added = {2016-11-08 07:53:45 +0000},
	Date-Modified = {2016-11-08 07:53:45 +0000},
	Eprint = {1101.2776},
	Journal = {Conf. Proc.},
	Pages = {257-260},
	Primaryclass = {physics.ins-det},
	Slaccitation = {%%CITATION = ARXIV:1101.2776;%%},
	Title = {{The ALICE Silicon Strip Detector performance during the first LHC data taking}},
	Volume = {C100901},
	Year = {2010}}

@article{Meddi200140,
	Author = {F. Meddi},
	Date-Added = {2016-11-08 07:51:37 +0000},
	Date-Modified = {2016-11-08 07:51:37 +0000},
	Doi = {http://dx.doi.org/10.1016/S0168-9002(01)00344-8},
	Issn = {0168-9002},
	Journal = {Nuclear Instruments and Methods in Physics Research Section A: Accelerators, Spectrometers, Detectors and Associated Equipment},
	Keywords = {ALICE experiment},
	Note = {\{SPD2000\}},
	Number = {1},
	Pages = {40 - 45},
	Title = {The \{ALICE\} silicon pixel detector (SPD)},
	Url = {http://www.sciencedirect.com/science/article/pii/S0168900201003448},
	Volume = {465},
	Year = {2001},
	Bdsk-Url-1 = {http://www.sciencedirect.com/science/article/pii/S0168900201003448},
	Bdsk-Url-2 = {http://dx.doi.org/10.1016/S0168-9002(01)00344-8}}

@article{PhysRevLett.91.172302,
	Author = {Adams, J. at el},
	Collaboration = {STAR Collaboration},
	Date-Added = {2016-11-07 06:51:07 +0000},
	Date-Modified = {2016-11-07 06:51:07 +0000},
	Doi = {10.1103/PhysRevLett.91.172302},
	Issue = {17},
	Journal = {Phys. Rev. Lett.},
	Month = {Oct},
	Numpages = {6},
	Pages = {172302},
	Publisher = {American Physical Society},
	Title = {Transverse-Momentum and Collision-Energy Dependence of High-${p}_{T}$ Hadron Suppression in $\mathrm{A}\mathrm{u}+\mathrm{A}\mathrm{u}$ Collisions at Ultrarelativistic Energies},
	Url = {http://link.aps.org/doi/10.1103/PhysRevLett.91.172302},
	Volume = {91},
	Year = {2003},
	Bdsk-Url-1 = {http://link.aps.org/doi/10.1103/PhysRevLett.91.172302},
	Bdsk-Url-2 = {http://dx.doi.org/10.1103/PhysRevLett.91.172302}}

@article{PhysRevLett.101.232301,
	Author = {Adare, A. et all},
	Collaboration = {PHENIX Collaboration},
	Date-Added = {2016-11-07 06:50:03 +0000},
	Date-Modified = {2016-11-07 06:50:03 +0000},
	Doi = {10.1103/PhysRevLett.101.232301},
	Issue = {23},
	Journal = {Phys. Rev. Lett.},
	Month = {Dec},
	Numpages = {7},
	Pages = {232301},
	Publisher = {American Physical Society},
	Title = {Suppression Pattern of Neutral Pions at High Transverse Momentum in $\mathrm{Au}+\mathrm{Au}$ Collisions at $\sqrt{{s}_{NN}}=200\text{ }\text{ }\mathrm{GeV}$ and Constraints on Medium Transport Coefficients},
	Url = {http://link.aps.org/doi/10.1103/PhysRevLett.101.232301},
	Volume = {101},
	Year = {2008},
	Bdsk-Url-1 = {http://link.aps.org/doi/10.1103/PhysRevLett.101.232301},
	Bdsk-Url-2 = {http://dx.doi.org/10.1103/PhysRevLett.101.232301}}

@article{Aggarwaletal.2002,
	Abstract = {Results on transverse mass spectra of neutral pions measured at central rapidity are presented for impact parameter selected 158                  {\$}{\backslash}cdot A{\$}                 GeV Pb + Pb, and Pb + Nb collisions. The distributions cover the range                   {\$}0.5 {\backslash}mathrm{\{}GeV{\}}/c^2 {\backslash}le m{\_}T - m{\_}0 {\backslash}le 4 {\backslash}mathrm{\{}GeV{\}}/c^2{\$}                . The change of the spectral shape and the multiplicity with centrality is studied in detail. In going from p+p to semi-peripheral Pb+Pb collisions there is a nuclear enhancement increasing with transverse mass similar to the well known Cronin effect, while for very central collisions this enhancement appears to be weaker than expected.},
	Author = {Aggarwal et al., M.M.},
	Date-Added = {2016-11-07 06:48:09 +0000},
	Date-Modified = {2016-11-07 07:17:01 +0000},
	Doi = {10.1007/s100520100886},
	Issn = {1434-6052},
	Journal = {The European Physical Journal C - Particles and Fields},
	Number = {2},
	Pages = {225--236},
	Title = {Transverse mass distributions of neutral pions from Pb-induced reactions at 158 GeV},
	Url = {http://dx.doi.org/10.1007/s100520100886},
	Volume = {23},
	Year = {2002},
	Bdsk-Url-1 = {http://dx.doi.org/10.1007/s100520100886}}

@article{PhysRevLett.68.1480,
	Author = {Wang, Xin-Nian and Gyulassy, Miklos},
	Date-Added = {2016-11-07 06:45:12 +0000},
	Date-Modified = {2016-11-07 06:45:12 +0000},
	Doi = {10.1103/PhysRevLett.68.1480},
	Issue = {10},
	Journal = {Phys. Rev. Lett.},
	Month = {Mar},
	Numpages = {0},
	Pages = {1480--1483},
	Publisher = {American Physical Society},
	Title = {Gluon shadowing and jet quenching in \textit{A} + \textit{A} collisions at \ensuremath{\surd} \textit{s} =200 \textit{A} GeV},
	Url = {http://link.aps.org/doi/10.1103/PhysRevLett.68.1480},
	Volume = {68},
	Year = {1992},
	Bdsk-Url-1 = {http://link.aps.org/doi/10.1103/PhysRevLett.68.1480},
	Bdsk-Url-2 = {http://dx.doi.org/10.1103/PhysRevLett.68.1480}}

@article{Enterria:2009am,
	Archiveprefix = {arXiv},
	Author = {d'Enterria, David},
	Date-Added = {2016-11-07 06:44:35 +0000},
	Date-Modified = {2016-11-07 06:44:35 +0000},
	Doi = {10.1007/978-3-642-01539-7_16},
	Eprint = {0902.2011},
	Journal = {Landolt-Bornstein},
	Pages = {471},
	Primaryclass = {nucl-ex},
	Slaccitation = {%%CITATION = ARXIV:0902.2011;%%},
	Title = {{Jet quenching}},
	Volume = {23},
	Year = {2010},
	Bdsk-Url-1 = {http://dx.doi.org/10.1007/978-3-642-01539-7_16}}

@article{Christiansen:2016uaq,
	Archiveprefix = {arXiv},
	Author = {Christiansen, Peter},
	Booktitle = {{Proceedings, 32th Winter Workshop on Nuclear Dynamics (WWND 2016): Guadeloupe, French West Indies}},
	Date-Added = {2016-11-07 06:35:11 +0000},
	Date-Modified = {2016-11-07 06:35:11 +0000},
	Doi = {10.1088/1742-6596/736/1/012023},
	Eprint = {1606.07963},
	Journal = {J. Phys. Conf. Ser.},
	Number = {1},
	Pages = {012023},
	Primaryclass = {hep-ph},
	Slaccitation = {%%CITATION = ARXIV:1606.07963;%%},
	Title = {{Event-Shape Engineering and Jet Quenching}},
	Volume = {736},
	Year = {2016},
	Bdsk-Url-1 = {http://dx.doi.org/10.1088/1742-6596/736/1/012023}}

@article{Roland201470,
	Author = {G. Roland and K. {\v S}afa{\v r}{\'\i}k and P. Steinberg},
	Date-Added = {2016-11-07 06:19:50 +0000},
	Date-Modified = {2016-11-07 06:19:50 +0000},
	Doi = {http://dx.doi.org/10.1016/j.ppnp.2014.05.001},
	Issn = {0146-6410},
	Journal = {Progress in Particle and Nuclear Physics},
	Keywords = {LHC},
	Pages = {70 - 127},
	Title = {Heavy-ion collisions at the \{LHC\}},
	Url = {http://www.sciencedirect.com/science/article/pii/S0146641014000349},
	Volume = {77},
	Year = {2014},
	Bdsk-Url-1 = {http://www.sciencedirect.com/science/article/pii/S0146641014000349},
	Bdsk-Url-2 = {http://dx.doi.org/10.1016/j.ppnp.2014.05.001}}

@inbook{Rapp2011,
	Address = {Berlin, Heidelberg},
	Author = {Rapp, R. and K{\"a}mpfer, B. and Andronic, A. and Blaschke, D. and Fuchs, C. and Harada, M. and Hilger, T. and Kitazawa, M. and Kunihiro, T. and Petreczky, P. and Riek, F. and Sasaki, C. and Thomas, R. and Tolos, L. and Zhuang, P. and van Hees, H. and Vogt, R. and Zschocke, S.},
	Booktitle = {The CBM Physics Book: Compressed Baryonic Matter in Laboratory Experiments},
	Date-Added = {2016-11-06 13:06:24 +0000},
	Date-Modified = {2016-11-06 13:06:24 +0000},
	Doi = {10.1007/978-3-642-13293-3_4},
	Editor = {Friman, Bengt and H{\"o}hne, Claudia and Knoll, J{\"o}rn and Leupold, Stefan and Randrup, Jorgen and Rapp, Ralf and Senger, Peter},
	Isbn = {978-3-642-13293-3},
	Pages = {335--529},
	Publisher = {Springer Berlin Heidelberg},
	Title = {In-Medium Excitations},
	Url = {http://dx.doi.org/10.1007/978-3-642-13293-3_4},
	Year = {2011},
	Bdsk-Url-1 = {http://dx.doi.org/10.1007/978-3-642-13293-3_4}}

@article{Andersson:1986gw,
	Author = {Andersson, Bo and Gustafson, G. and Nilsson-Almqvist, B.},
	Date-Added = {2016-11-01 05:37:35 +0000},
	Date-Modified = {2016-11-01 05:37:35 +0000},
	Doi = {10.1016/0550-3213(87)90257-4},
	Journal = {Nucl. Phys.},
	Pages = {289-309},
	Reportnumber = {LU-TP-86-3},
	Slaccitation = {%%CITATION = NUPHA,B281,289;%%},
	Title = {{A Model for Low p(t) Hadronic Reactions, with Generalizations to Hadron - Nucleus and Nucleus-Nucleus Collisions}},
	Volume = {B281},
	Year = {1987},
	Bdsk-Url-1 = {http://dx.doi.org/10.1016/0550-3213(87)90257-4}}

@article{Zhang:1999bd,
	Archiveprefix = {arXiv},
	Author = {Zhang, Bin and Ko, C. M. and Li, Bao-An and Lin, Zi-wei},
	Date-Added = {2016-11-01 05:37:35 +0000},
	Date-Modified = {2016-11-01 05:37:35 +0000},
	Doi = {10.1103/PhysRevC.61.067901},
	Eprint = {nucl-th/9907017},
	Journal = {Phys. Rev.},
	Pages = {067901},
	Primaryclass = {nucl-th},
	Slaccitation = {%%CITATION = NUCL-TH/9907017;%%},
	Title = {{A multiphase transport model for nuclear collisions at RHIC}},
	Volume = {C61},
	Year = {2000},
	Bdsk-Url-1 = {http://dx.doi.org/10.1103/PhysRevC.61.067901}}

@article{Lin:2004en,
	Archiveprefix = {arXiv},
	Author = {Lin, Zi-Wei and Ko, Che Ming and Li, Bao-An and Zhang, Bin and Pal, Subrata},
	Date-Added = {2016-11-01 05:37:35 +0000},
	Date-Modified = {2016-11-01 05:37:35 +0000},
	Doi = {10.1103/PhysRevC.72.064901},
	Eprint = {nucl-th/0411110},
	Journal = {Phys. Rev.},
	Pages = {064901},
	Primaryclass = {nucl-th},
	Slaccitation = {%%CITATION = NUCL-TH/0411110;%%},
	Title = {{A Multi-phase transport model for relativistic heavy ion collisions}},
	Volume = {C72},
	Year = {2005},
	Bdsk-Url-1 = {http://dx.doi.org/10.1103/PhysRevC.72.064901}}

@article{Carminati:2004fp,
	Author = {Cortese, P and others},
	Collaboration = {ALICE},
	Date-Added = {2016-11-01 05:37:35 +0000},
	Date-Modified = {2016-11-01 05:37:35 +0000},
	Doi = {10.1088/0954-3899/30/11/001},
	Journal = {J. Phys.},
	Pages = {1517-1763},
	Slaccitation = {%%CITATION = JPAGA,G30,1517;%%},
	Title = {{ALICE: Physics performance report, volume I}},
	Volume = {G30},
	Year = {2004},
	Bdsk-Url-1 = {http://dx.doi.org/10.1088/0954-3899/30/11/001}}

@article{Alessandro:2006yt,
	Author = {Cortese, P and others},
	Collaboration = {ALICE},
	Date-Added = {2016-11-01 05:37:35 +0000},
	Date-Modified = {2016-11-01 05:37:35 +0000},
	Doi = {10.1088/0954-3899/32/10/001},
	Journal = {J. Phys.},
	Pages = {1295-2040},
	Slaccitation = {%%CITATION = JPAGA,G32,1295;%%},
	Title = {{ALICE: Physics performance report, volume II}},
	Volume = {G32},
	Year = {2006},
	Bdsk-Url-1 = {http://dx.doi.org/10.1088/0954-3899/32/10/001}}

@article{Dellacasa:1999kf,
	Author = {Dellacasa, G. and others},
	Collaboration = {ALICE},
	Date-Added = {2016-11-01 05:37:35 +0000},
	Date-Modified = {2016-11-01 05:37:35 +0000},
	Reportnumber = {CERN-LHCC-99-12},
	Slaccitation = {%%CITATION = CERN-LHCC-99-12;%%},
	Title = {{ALICE technical design report of the inner tracking system (ITS)}},
	Year = {1999}}

@phdthesis{Bilandzic:2012wva,
	Author = {Bilandzic, Ante},
	Date-Added = {2016-11-01 05:37:35 +0000},
	Date-Modified = {2016-11-01 05:37:35 +0000},
	Reportnumber = {CERN-THESIS-2012-018},
	School = {Utrecht U.},
	Slaccitation = {%%CITATION = CERN-THESIS-2012-018;%%},
	Title = {{Anisotropic flow measurements in ALICE at the large hadron collider}},
	Url = {https://inspirehep.net/record/1186272/files/CERN-THESIS-2012-018.pdf},
	Year = {2012},
	Bdsk-Url-1 = {https://inspirehep.net/record/1186272/files/CERN-THESIS-2012-018.pdf}}

@article{Adam:2016izf,
	Archiveprefix = {arXiv},
	Author = {Adam, Jaroslav and others},
	Collaboration = {ALICE},
	Date-Added = {2016-11-01 05:37:35 +0000},
	Date-Modified = {2016-11-01 05:37:35 +0000},
	Doi = {10.1103/PhysRevLett.116.132302},
	Eprint = {1602.01119},
	Journal = {Phys. Rev. Lett.},
	Number = {13},
	Pages = {132302},
	Primaryclass = {nucl-ex},
	Reportnumber = {CERN-EP-2016-018},
	Slaccitation = {%%CITATION = ARXIV:1602.01119;%%},
	Title = {{Anisotropic flow of charged particles in Pb-Pb collisions at $\sqrt{s_{\rm NN}}=5.02$ TeV}},
	Volume = {116},
	Year = {2016},
	Bdsk-Url-1 = {http://dx.doi.org/10.1103/PhysRevLett.116.132302}}

@article{Kolb:2000sd,
	Archiveprefix = {arXiv},
	Author = {Kolb, Peter F. and Sollfrank, Josef and Heinz, Ulrich W.},
	Date-Added = {2016-11-01 05:37:35 +0000},
	Date-Modified = {2016-11-01 05:37:35 +0000},
	Doi = {10.1103/PhysRevC.62.054909},
	Eprint = {hep-ph/0006129},
	Journal = {Phys. Rev.},
	Pages = {054909},
	Primaryclass = {hep-ph},
	Reportnumber = {CERN-TH-2000-161},
	Slaccitation = {%%CITATION = HEP-PH/0006129;%%},
	Title = {{Anisotropic transverse flow and the quark hadron phase transition}},
	Volume = {C62},
	Year = {2000},
	Bdsk-Url-1 = {http://dx.doi.org/10.1103/PhysRevC.62.054909}}

@article{Yan:2014nsa,
	Archiveprefix = {arXiv},
	Author = {Yan, Li and Ollitrault, Jean-Yves and Poskanzer, Arthur M.},
	Date-Added = {2016-11-01 05:37:35 +0000},
	Date-Modified = {2016-11-01 05:37:35 +0000},
	Doi = {10.1016/j.physletb.2015.01.039},
	Eprint = {1408.0921},
	Journal = {Phys. Lett.},
	Pages = {290-295},
	Primaryclass = {nucl-th},
	Slaccitation = {%%CITATION = ARXIV:1408.0921;%%},
	Title = {{Azimuthal Anisotropy Distributions in High-Energy Collisions}},
	Volume = {B742},
	Year = {2015},
	Bdsk-Url-1 = {http://dx.doi.org/10.1016/j.physletb.2015.01.039}}

@article{Aamodt:2010cz,
	Archiveprefix = {arXiv},
	Author = {Aamodt, Kenneth and others},
	Collaboration = {ALICE},
	Date-Added = {2016-11-01 05:37:35 +0000},
	Date-Modified = {2016-11-01 05:37:35 +0000},
	Doi = {10.1103/PhysRevLett.106.032301},
	Eprint = {1012.1657},
	Journal = {Phys. Rev. Lett.},
	Pages = {032301},
	Primaryclass = {nucl-ex},
	Reportnumber = {CERN-PH-EP-2010-071},
	Slaccitation = {%%CITATION = ARXIV:1012.1657;%%},
	Title = {{Centrality dependence of the charged-particle multiplicity density at mid-rapidity in Pb-Pb collisions at $\sqrt{s_{NN}}=2.76$ TeV}},
	Volume = {106},
	Year = {2011},
	Bdsk-Url-1 = {http://dx.doi.org/10.1103/PhysRevLett.106.032301}}

@article{Lin:2000cx,
	Archiveprefix = {arXiv},
	Author = {Lin, Zi-wei and Pal, S. and Ko, C. M. and Li, Bao-An and Zhang, Bin},
	Date-Added = {2016-11-01 05:37:35 +0000},
	Date-Modified = {2016-11-01 05:37:35 +0000},
	Doi = {10.1103/PhysRevC.64.011902},
	Eprint = {nucl-th/0011059},
	Journal = {Phys. Rev.},
	Pages = {011902},
	Primaryclass = {nucl-th},
	Slaccitation = {%%CITATION = NUCL-TH/0011059;%%},
	Title = {{Charged particle rapidity distributions at relativistic energies}},
	Volume = {C64},
	Year = {2001},
	Bdsk-Url-1 = {http://dx.doi.org/10.1103/PhysRevC.64.011902}}

@article{Bhalerao:2015iya,
	Archiveprefix = {arXiv},
	Author = {Bhalerao, Rajeev S. and Jaiswal, Amaresh and Pal, Subrata},
	Date-Added = {2016-11-01 05:37:35 +0000},
	Date-Modified = {2016-11-01 05:37:35 +0000},
	Doi = {10.1103/PhysRevC.92.014903},
	Eprint = {1503.03862},
	Journal = {Phys. Rev.},
	Number = {1},
	Pages = {014903},
	Primaryclass = {nucl-th},
	Reportnumber = {TIFR-TH-15-07},
	Slaccitation = {%%CITATION = ARXIV:1503.03862;%%},
	Title = {{Collective flow in event-by-event partonic transport plus hydrodynamics hybrid approach}},
	Volume = {C92},
	Year = {2015},
	Bdsk-Url-1 = {http://dx.doi.org/10.1103/PhysRevC.92.014903}}

@article{Alver:2010gr,
	Archiveprefix = {arXiv},
	Author = {Alver, B. and Roland, G.},
	Date-Added = {2016-11-01 05:37:35 +0000},
	Date-Modified = {2016-11-01 05:37:35 +0000},
	Doi = {10.1103/PhysRevC.82.039903, 10.1103/PhysRevC.81.054905},
	Eprint = {1003.0194},
	Journal = {Phys. Rev.},
	Note = {[Erratum: Phys. Rev.C82,039903(2010)]},
	Pages = {054905},
	Primaryclass = {nucl-th},
	Slaccitation = {%%CITATION = ARXIV:1003.0194;%%},
	Title = {{Collision geometry fluctuations and triangular flow in heavy-ion collisions}},
	Volume = {C81},
	Year = {2010},
	Bdsk-Url-1 = {http://dx.doi.org/10.1103/PhysRevC.82.039903,%2010.1103/PhysRevC.81.054905}}

@article{Luzum:2010ad,
	Archiveprefix = {arXiv},
	Author = {Luzum, Matthew and Ollitrault, Jean-Yves},
	Date-Added = {2016-11-01 05:37:35 +0000},
	Date-Modified = {2016-11-01 05:37:35 +0000},
	Doi = {10.1103/PhysRevC.82.014906},
	Eprint = {1004.2023},
	Journal = {Phys. Rev.},
	Pages = {014906},
	Primaryclass = {nucl-th},
	Slaccitation = {%%CITATION = ARXIV:1004.2023;%%},
	Title = {{Constraining the viscous freeze-out distribution function with data obtained at the BNL Relativistic Heavy Ion Collider (RHIC)}},
	Volume = {C82},
	Year = {2010},
	Bdsk-Url-1 = {http://dx.doi.org/10.1103/PhysRevC.82.014906}}

@article{Renk:2014jja,
	Archiveprefix = {arXiv},
	Author = {Renk, Thorsten and Niemi, Harri},
	Date-Added = {2016-11-01 05:37:35 +0000},
	Date-Modified = {2016-11-01 05:37:35 +0000},
	Doi = {10.1103/PhysRevC.89.064907},
	Eprint = {1401.2069},
	Journal = {Phys. Rev.},
	Number = {6},
	Pages = {064907},
	Primaryclass = {nucl-th},
	Slaccitation = {%%CITATION = ARXIV:1401.2069;%%},
	Title = {{Constraints from $v_2$ fluctuations for the initial-state geometry of heavy-ion collisions}},
	Volume = {C89},
	Year = {2014},
	Bdsk-Url-1 = {http://dx.doi.org/10.1103/PhysRevC.89.064907}}

@article{ALICE:2016kpq,
	Archiveprefix = {arXiv},
	Author = {Adam, Jaroslav and others},
	Collaboration = {ALICE},
	Date-Added = {2016-11-01 05:37:35 +0000},
	Date-Modified = {2016-11-01 05:37:35 +0000},
	Doi = {10.1103/PhysRevLett.117.182301},
	Eprint = {1604.07663},
	Journal = {Phys. Rev. Lett.},
	Pages = {182301},
	Primaryclass = {nucl-ex},
	Reportnumber = {CERN-EP-2016-102},
	Slaccitation = {%%CITATION = ARXIV:1604.07663;%%},
	Title = {{Correlated event-by-event fluctuations of flow harmonics in Pb-Pb collisions at $\sqrt{s_{_{\rm NN}}}=2.76$ TeV}},
	Volume = {117},
	Year = {2016},
	Bdsk-Url-1 = {http://dx.doi.org/10.1103/PhysRevLett.117.182301}}

@article{Zhu:2016puf,
	Archiveprefix = {arXiv},
	Author = {Zhu, Xiangrong and Zhou, You and Xu, Haojie and Song, Huichao},
	Date-Added = {2016-11-01 05:37:35 +0000},
	Date-Modified = {2016-11-01 05:37:35 +0000},
	Eprint = {1608.05305},
	Primaryclass = {nucl-th},
	Slaccitation = {%%CITATION = ARXIV:1608.05305;%%},
	Title = {{Correlations of flow harmonics in 2.76A TeV Pb--Pb collisions}},
	Year = {2016}}

@article{PhysRevD.31.53,
	Author = {Danielewicz, P. and Gyulassy, M.},
	Date-Added = {2016-11-01 05:37:35 +0000},
	Date-Modified = {2016-11-01 05:37:35 +0000},
	Doi = {10.1103/PhysRevD.31.53},
	Issue = {1},
	Journal = {Phys. Rev. D},
	Month = {Jan},
	Numpages = {0},
	Pages = {53--62},
	Publisher = {American Physical Society},
	Title = {Dissipative phenomena in quark-gluon plasmas},
	Url = {http://link.aps.org/doi/10.1103/PhysRevD.31.53},
	Volume = {31},
	Year = {1985},
	Bdsk-Url-1 = {http://link.aps.org/doi/10.1103/PhysRevD.31.53},
	Bdsk-Url-2 = {http://dx.doi.org/10.1103/PhysRevD.31.53}}

@article{Hirano:2009ah,
	Archiveprefix = {arXiv},
	Author = {Hirano, Tetsufumi and Nara, Yasushi},
	Date-Added = {2016-11-01 05:37:35 +0000},
	Date-Modified = {2016-11-01 05:37:35 +0000},
	Doi = {10.1103/PhysRevC.79.064904},
	Eprint = {0904.4080},
	Journal = {Phys. Rev.},
	Pages = {064904},
	Primaryclass = {nucl-th},
	Slaccitation = {%%CITATION = ARXIV:0904.4080;%%},
	Title = {{Eccentricity fluctuation effects on elliptic flow in relativistic heavy ion collisions}},
	Volume = {C79},
	Year = {2009},
	Bdsk-Url-1 = {http://dx.doi.org/10.1103/PhysRevC.79.064904}}

@article{Miller:2003kd,
	Archiveprefix = {arXiv},
	Author = {Miller, Mike and Snellings, Raimond},
	Date-Added = {2016-11-01 05:37:35 +0000},
	Date-Modified = {2016-11-01 05:37:35 +0000},
	Eprint = {nucl-ex/0312008},
	Primaryclass = {nucl-ex},
	Slaccitation = {%%CITATION = NUCL-EX/0312008;%%},
	Title = {{Eccentricity fluctuations and its possible effect on elliptic flow measurements}},
	Year = {2003}}

@article{Drescher:2006ca,
	Archiveprefix = {arXiv},
	Author = {Drescher, H. -J. and Nara, Y.},
	Date-Added = {2016-11-01 05:37:35 +0000},
	Date-Modified = {2016-11-01 05:37:35 +0000},
	Doi = {10.1103/PhysRevC.75.034905},
	Eprint = {nucl-th/0611017},
	Journal = {Phys. Rev.},
	Pages = {034905},
	Primaryclass = {nucl-th},
	Slaccitation = {%%CITATION = NUCL-TH/0611017;%%},
	Title = {{Effects of fluctuations on the initial eccentricity from the Color Glass Condensate in heavy ion collisions}},
	Volume = {C75},
	Year = {2007},
	Bdsk-Url-1 = {http://dx.doi.org/10.1103/PhysRevC.75.034905}}

@article{Pang:2012he,
	Archiveprefix = {arXiv},
	Author = {Pang, Longgang and Wang, Qun and Wang, Xin-Nian},
	Date-Added = {2016-11-01 05:37:35 +0000},
	Date-Modified = {2016-11-01 05:37:35 +0000},
	Doi = {10.1103/PhysRevC.86.024911},
	Eprint = {1205.5019},
	Journal = {Phys. Rev.},
	Pages = {024911},
	Primaryclass = {nucl-th},
	Reportnumber = {NT-LBL-12-011},
	Slaccitation = {%%CITATION = ARXIV:1205.5019;%%},
	Title = {{Effects of initial flow velocity fluctuation in event-by-event (3+1)D hydrodynamics}},
	Volume = {C86},
	Year = {2012},
	Bdsk-Url-1 = {http://dx.doi.org/10.1103/PhysRevC.86.024911}}

@article{Luzum:2012da,
	Archiveprefix = {arXiv},
	Author = {Luzum, Matthew and Ollitrault, Jean-Yves},
	Date-Added = {2016-11-01 05:37:35 +0000},
	Date-Modified = {2016-11-01 05:37:35 +0000},
	Doi = {10.1103/PhysRevC.87.044907},
	Eprint = {1209.2323},
	Journal = {Phys. Rev.},
	Number = {4},
	Pages = {044907},
	Primaryclass = {nucl-ex},
	Reportnumber = {SACLAY-T12-074},
	Slaccitation = {%%CITATION = ARXIV:1209.2323;%%},
	Title = {{Eliminating experimental bias in anisotropic-flow measurements of high-energy nuclear collisions}},
	Volume = {C87},
	Year = {2013},
	Bdsk-Url-1 = {http://dx.doi.org/10.1103/PhysRevC.87.044907}}

@article{Schenke:2011zz,
	Author = {Schenke, Bjorn and Jeon, Sangyong and Gale, Charles},
	Booktitle = {{Quark matter. Proceedings, 22nd International Conference on Ultra-Relativistic Nucleus-Nucleus Collisions, Quark Matter 2011, Annecy, France, May 23-28, 2011}},
	Date-Added = {2016-11-01 05:37:35 +0000},
	Date-Modified = {2016-11-01 05:37:35 +0000},
	Doi = {10.1088/0954-3899/38/12/124169},
	Journal = {J. Phys.},
	Pages = {124169},
	Slaccitation = {%%CITATION = JPAGA,G38,124169;%%},
	Title = {{Elliptic and triangular flows in 3 + 1D viscous hydrodynamics with fluctuating initial conditions}},
	Volume = {G38},
	Year = {2011},
	Bdsk-Url-1 = {http://dx.doi.org/10.1088/0954-3899/38/12/124169}}

@article{Ackermann:2000tr,
	Archiveprefix = {arXiv},
	Author = {Ackermann, K. H. and others},
	Collaboration = {STAR},
	Date-Added = {2016-11-01 05:37:35 +0000},
	Date-Modified = {2016-11-01 05:37:35 +0000},
	Doi = {10.1103/PhysRevLett.86.402},
	Eprint = {nucl-ex/0009011},
	Journal = {Phys. Rev. Lett.},
	Pages = {402-407},
	Primaryclass = {nucl-ex},
	Slaccitation = {%%CITATION = NUCL-EX/0009011;%%},
	Title = {{Elliptic flow in Au + Au collisions at (S(NN))**(1/2) = 130 GeV}},
	Volume = {86},
	Year = {2001},
	Bdsk-Url-1 = {http://dx.doi.org/10.1103/PhysRevLett.86.402}}

@article{Hirano:2010je,
	Archiveprefix = {arXiv},
	Author = {Hirano, Tetsufumi and Huovinen, Pasi and Nara, Yasushi},
	Date-Added = {2016-11-01 05:37:35 +0000},
	Date-Modified = {2016-11-01 05:37:35 +0000},
	Doi = {10.1103/PhysRevC.84.011901},
	Eprint = {1012.3955},
	Journal = {Phys. Rev.},
	Pages = {011901},
	Primaryclass = {nucl-th},
	Slaccitation = {%%CITATION = ARXIV:1012.3955;%%},
	Title = {{Elliptic flow in Pb+Pb collisions at $\sqrt{s_{NN}} = 2.76$~TeV: hybrid model assessment of the first data}},
	Volume = {C84},
	Year = {2011},
	Bdsk-Url-1 = {http://dx.doi.org/10.1103/PhysRevC.84.011901}}

@article{Aamodt:2010pa,
	Archiveprefix = {arXiv},
	Author = {Aamodt, K and others},
	Collaboration = {ALICE},
	Date-Added = {2016-11-01 05:37:35 +0000},
	Date-Modified = {2016-11-01 05:37:35 +0000},
	Doi = {10.1103/PhysRevLett.105.252302},
	Eprint = {1011.3914},
	Journal = {Phys. Rev. Lett.},
	Pages = {252302},
	Primaryclass = {nucl-ex},
	Slaccitation = {%%CITATION = ARXIV:1011.3914;%%},
	Title = {{Elliptic flow of charged particles in Pb-Pb collisions at 2.76 TeV}},
	Volume = {105},
	Year = {2010},
	Bdsk-Url-1 = {http://dx.doi.org/10.1103/PhysRevLett.105.252302}}

@article{Gale:2012rq,
	Archiveprefix = {arXiv},
	Author = {Gale, Charles and Jeon, Sangyong and Schenke, Bj{\"o}rn and Tribedy, Prithwish and Venugopalan, Raju},
	Date-Added = {2016-11-01 05:37:35 +0000},
	Date-Modified = {2016-11-01 05:37:35 +0000},
	Doi = {10.1103/PhysRevLett.110.012302},
	Eprint = {1209.6330},
	Journal = {Phys. Rev. Lett.},
	Number = {1},
	Pages = {012302},
	Primaryclass = {nucl-th},
	Slaccitation = {%%CITATION = ARXIV:1209.6330;%%},
	Title = {{Event-by-event anisotropic flow in heavy-ion collisions from combined Yang-Mills and viscous fluid dynamics}},
	Volume = {110},
	Year = {2013},
	Bdsk-Url-1 = {http://dx.doi.org/10.1103/PhysRevLett.110.012302}}

@article{Niemi:2012aj,
	Archiveprefix = {arXiv},
	Author = {Niemi, H. and Denicol, G. S. and Holopainen, H. and Huovinen, P.},
	Date-Added = {2016-11-01 05:37:35 +0000},
	Date-Modified = {2016-11-01 05:37:35 +0000},
	Doi = {10.1103/PhysRevC.87.054901},
	Eprint = {1212.1008},
	Journal = {Phys. Rev.},
	Number = {5},
	Pages = {054901},
	Primaryclass = {nucl-th},
	Slaccitation = {%%CITATION = ARXIV:1212.1008;%%},
	Title = {{Event-by-event distributions of azimuthal asymmetries in ultrarelativistic heavy-ion collisions}},
	Volume = {C87},
	Year = {2013},
	Bdsk-Url-1 = {http://dx.doi.org/10.1103/PhysRevC.87.054901}}

@article{Niemi:2015qia,
	Archiveprefix = {arXiv},
	Author = {Niemi, H. and Eskola, K. J. and Paatelainen, R.},
	Date-Added = {2016-11-01 05:37:35 +0000},
	Date-Modified = {2016-11-01 05:37:35 +0000},
	Doi = {10.1103/PhysRevC.93.024907},
	Eprint = {1505.02677},
	Journal = {Phys. Rev.},
	Number = {2},
	Pages = {024907},
	Primaryclass = {hep-ph},
	Slaccitation = {%%CITATION = ARXIV:1505.02677;%%},
	Title = {{Event-by-event fluctuations in a perturbative QCD + saturation + hydrodynamics model: Determining QCD matter shear viscosity in ultrarelativistic heavy-ion collisions}},
	Volume = {C93},
	Year = {2016},
	Bdsk-Url-1 = {http://dx.doi.org/10.1103/PhysRevC.93.024907}}

@article{Khachatryan:2015waa,
	Archiveprefix = {arXiv},
	Author = {Khachatryan, Vardan and others},
	Collaboration = {CMS},
	Date-Added = {2016-11-01 05:37:35 +0000},
	Date-Modified = {2016-11-01 05:37:35 +0000},
	Doi = {10.1103/PhysRevLett.115.012301},
	Eprint = {1502.05382},
	Journal = {Phys. Rev. Lett.},
	Number = {1},
	Pages = {012301},
	Primaryclass = {nucl-ex},
	Reportnumber = {CMS-HIN-14-006, CERN-PH-EP-2015-011},
	Slaccitation = {%%CITATION = ARXIV:1502.05382;%%},
	Title = {{Evidence for Collective Multiparticle Correlations in p-Pb Collisions}},
	Volume = {115},
	Year = {2015},
	Bdsk-Url-1 = {http://dx.doi.org/10.1103/PhysRevLett.115.012301}}

@article{Lin:2014tya,
	Archiveprefix = {arXiv},
	Author = {Lin, Zi-Wei},
	Date-Added = {2016-11-01 05:37:35 +0000},
	Date-Modified = {2016-11-01 05:37:35 +0000},
	Doi = {10.1103/PhysRevC.90.014904},
	Eprint = {1403.6321},
	Journal = {Phys. Rev.},
	Number = {1},
	Pages = {014904},
	Primaryclass = {nucl-th},
	Slaccitation = {%%CITATION = ARXIV:1403.6321;%%},
	Title = {{Evolution of transverse flow and effective temperatures in the parton phase from a multi-phase transport model}},
	Volume = {C90},
	Year = {2014},
	Bdsk-Url-1 = {http://dx.doi.org/10.1103/PhysRevC.90.014904}}

@inproceedings{Loizides:2016tew,
	Archiveprefix = {arXiv},
	Author = {Loizides, Constantin},
	Booktitle = {{Proceedings, 25th International Conference on Ultra-Relativistic Nucleus-Nucleus Collisions (Quark Matter 2015): Kobe, Japan, September 27-October 3, 2015}},
	Date-Added = {2016-11-01 05:37:35 +0000},
	Date-Modified = {2016-11-01 05:37:35 +0000},
	Doi = {10.1016/j.nuclphysa.2016.04.022},
	Eprint = {1602.09138},
	Primaryclass = {nucl-ex},
	Slaccitation = {%%CITATION = ARXIV:1602.09138;%%},
	Title = {{Experimental overview on small collision systems at the LHC}},
	Url = {https://inspirehep.net/record/1424892/files/arXiv:1602.09138.pdf},
	Year = {2016},
	Bdsk-Url-1 = {https://inspirehep.net/record/1424892/files/arXiv:1602.09138.pdf},
	Bdsk-Url-2 = {http://dx.doi.org/10.1016/j.nuclphysa.2016.04.022}}

@article{Rose:2014fba,
	Archiveprefix = {arXiv},
	Author = {Rose, Jean-Bernard and Paquet, Jean-Francois and Denicol, Gabriel S. and Luzum, Matthew and Schenke, Bjoern and Jeon, Sangyong and Gale, Charles},
	Booktitle = {{Proceedings, 24th International Conference on Ultra-Relativistic Nucleus-Nucleus Collisions (Quark Matter 2014): Darmstadt, Germany, May 19-24, 2014}},
	Date-Added = {2016-11-01 05:37:35 +0000},
	Date-Modified = {2016-11-01 05:37:35 +0000},
	Doi = {10.1016/j.nuclphysa.2014.09.044},
	Eprint = {1408.0024},
	Journal = {Nucl. Phys.},
	Pages = {926-930},
	Primaryclass = {nucl-th},
	Slaccitation = {%%CITATION = ARXIV:1408.0024;%%},
	Title = {{Extracting the bulk viscosity of the quark?gluon plasma}},
	Volume = {A931},
	Year = {2014},
	Bdsk-Url-1 = {http://dx.doi.org/10.1016/j.nuclphysa.2014.09.044}}

@article{Luzum:2012wu,
	Archiveprefix = {arXiv},
	Author = {Luzum, Matthew and Ollitrault, Jean-Yves},
	Booktitle = {{Proceedings, 23rd International Conference on Ultrarelativistic Nucleus-Nucleus Collisions : Quark Matter 2012 (QM 2012): Washington, DC, USA, August 13-18, 2012}},
	Date-Added = {2016-11-01 05:37:35 +0000},
	Date-Modified = {2016-11-01 05:37:35 +0000},
	Doi = {10.1016/j.nuclphysa.2013.02.028},
	Eprint = {1210.6010},
	Journal = {Nucl. Phys.},
	Pages = {377c-380c},
	Primaryclass = {nucl-th},
	Slaccitation = {%%CITATION = ARXIV:1210.6010;%%},
	Title = {{Extracting the shear viscosity of the quark-gluon plasma from flow in ultra-central heavy-ion collisions}},
	Volume = {A904-905},
	Year = {2013},
	Bdsk-Url-1 = {http://dx.doi.org/10.1016/j.nuclphysa.2013.02.028}}

@article{Borghini:2001vi,
	Archiveprefix = {arXiv},
	Author = {Borghini, Nicolas and Dinh, Phuong Mai and Ollitrault, Jean-Yves},
	Date-Added = {2016-11-01 05:37:35 +0000},
	Date-Modified = {2016-11-01 05:37:35 +0000},
	Doi = {10.1103/PhysRevC.64.054901},
	Eprint = {nucl-th/0105040},
	Journal = {Phys. Rev.},
	Pages = {054901},
	Primaryclass = {nucl-th},
	Slaccitation = {%%CITATION = NUCL-TH/0105040;%%},
	Title = {{Flow analysis from multiparticle azimuthal correlations}},
	Volume = {C64},
	Year = {2001},
	Bdsk-Url-1 = {http://dx.doi.org/10.1103/PhysRevC.64.054901}}

@article{Bilandzic:2010jr,
	Archiveprefix = {arXiv},
	Author = {Bilandzic, Ante and Snellings, Raimond and Voloshin, Sergei},
	Date-Added = {2016-11-01 05:37:35 +0000},
	Date-Modified = {2016-11-01 05:37:35 +0000},
	Doi = {10.1103/PhysRevC.83.044913},
	Eprint = {1010.0233},
	Journal = {Phys. Rev.},
	Pages = {044913},
	Primaryclass = {nucl-ex},
	Slaccitation = {%%CITATION = ARXIV:1010.0233;%%},
	Title = {{Flow analysis with cumulants: Direct calculations}},
	Volume = {C83},
	Year = {2011},
	Bdsk-Url-1 = {http://dx.doi.org/10.1103/PhysRevC.83.044913}}

@article{Bozek:2011ua,
	Archiveprefix = {arXiv},
	Author = {Bozek, Piotr},
	Date-Added = {2016-11-01 05:37:35 +0000},
	Date-Modified = {2016-11-01 05:37:35 +0000},
	Doi = {10.1103/PhysRevC.85.034901},
	Eprint = {1110.6742},
	Journal = {Phys. Rev.},
	Pages = {034901},
	Primaryclass = {nucl-th},
	Slaccitation = {%%CITATION = ARXIV:1110.6742;%%},
	Title = {{Flow and interferometry in 3+1 dimensional viscous hydrodynamics}},
	Volume = {C85},
	Year = {2012},
	Bdsk-Url-1 = {http://dx.doi.org/10.1103/PhysRevC.85.034901}}

@article{Luzum:2011mm,
	Archiveprefix = {arXiv},
	Author = {Luzum, Matthew},
	Booktitle = {{Quark matter. Proceedings, 22nd International Conference on Ultra-Relativistic Nucleus-Nucleus Collisions, Quark Matter 2011, Annecy, France, May 23-28, 2011}},
	Date-Added = {2016-11-01 05:37:35 +0000},
	Date-Modified = {2016-11-01 05:37:35 +0000},
	Doi = {10.1088/0954-3899/38/12/124026},
	Eprint = {1107.0592},
	Journal = {J. Phys.},
	Pages = {124026},
	Primaryclass = {nucl-th},
	Slaccitation = {%%CITATION = ARXIV:1107.0592;%%},
	Title = {{Flow fluctuations and long-range correlations: elliptic flow and beyond}},
	Volume = {G38},
	Year = {2011},
	Bdsk-Url-1 = {http://dx.doi.org/10.1088/0954-3899/38/12/124026}}

@article{Voloshin:1994mz,
	Archiveprefix = {arXiv},
	Author = {Voloshin, S. and Zhang, Y.},
	Date-Added = {2016-11-01 05:37:35 +0000},
	Date-Modified = {2016-11-01 05:37:35 +0000},
	Doi = {10.1007/s002880050141},
	Eprint = {hep-ph/9407282},
	Journal = {Z. Phys.},
	Pages = {665-672},
	Primaryclass = {hep-ph},
	Slaccitation = {%%CITATION = HEP-PH/9407282;%%},
	Title = {{Flow study in relativistic nuclear collisions by Fourier expansion of Azimuthal particle distributions}},
	Volume = {C70},
	Year = {1996},
	Bdsk-Url-1 = {http://dx.doi.org/10.1007/s002880050141}}

@article{Paatelainen:2013eea,
	Archiveprefix = {arXiv},
	Author = {Paatelainen, R. and Eskola, K. J. and Niemi, H. and Tuominen, K.},
	Date-Added = {2016-11-01 05:37:35 +0000},
	Date-Modified = {2016-11-01 05:37:35 +0000},
	Doi = {10.1016/j.physletb.2014.02.018},
	Eprint = {1310.3105},
	Journal = {Phys. Lett.},
	Pages = {126-130},
	Primaryclass = {hep-ph},
	Slaccitation = {%%CITATION = ARXIV:1310.3105;%%},
	Title = {{Fluid dynamics with saturated minijet initial conditions in ultrarelativistic heavy-ion collisions}},
	Volume = {B731},
	Year = {2014},
	Bdsk-Url-1 = {http://dx.doi.org/10.1016/j.physletb.2014.02.018}}

@article{Brun:1994aa,
	Date-Added = {2016-11-01 05:37:35 +0000},
	Date-Modified = {2016-11-01 05:37:35 +0000},
	Reportnumber = {CERN-W5013, CERN-W-5013, W5013, W-5013},
	Slaccitation = {%%CITATION = CERN-W5013;%%},
	Title = {{GEANT Detector Description and Simulation Tool}},
	Year = {1994}}

@article{Bilandzic:2013kga,
	Archiveprefix = {arXiv},
	Author = {Bilandzic, Ante and Christensen, Christian Holm and Gulbrandsen, Kristjan and Hansen, Alexander and Zhou, You},
	Date-Added = {2016-11-01 05:37:35 +0000},
	Date-Modified = {2016-11-01 05:37:35 +0000},
	Doi = {10.1103/PhysRevC.89.064904},
	Eprint = {1312.3572},
	Journal = {Phys. Rev.},
	Number = {6},
	Pages = {064904},
	Primaryclass = {nucl-ex},
	Slaccitation = {%%CITATION = ARXIV:1312.3572;%%},
	Title = {{Generic framework for anisotropic flow analyses with multiparticle azimuthal correlations}},
	Volume = {C89},
	Year = {2014},
	Bdsk-Url-1 = {http://dx.doi.org/10.1103/PhysRevC.89.064904}}

@article{Miller:2007ri,
	Archiveprefix = {arXiv},
	Author = {Miller, Michael L. and Reygers, Klaus and Sanders, Stephen J. and Steinberg, Peter},
	Date-Added = {2016-11-01 05:37:35 +0000},
	Date-Modified = {2016-11-01 05:37:35 +0000},
	Doi = {10.1146/annurev.nucl.57.090506.123020},
	Eprint = {nucl-ex/0701025},
	Journal = {Ann. Rev. Nucl. Part. Sci.},
	Pages = {205-243},
	Primaryclass = {nucl-ex},
	Slaccitation = {%%CITATION = NUCL-EX/0701025;%%},
	Title = {{Glauber modeling in high energy nuclear collisions}},
	Volume = {57},
	Year = {2007},
	Bdsk-Url-1 = {http://dx.doi.org/10.1146/annurev.nucl.57.090506.123020}}

@article{Kharzeev:2000ph,
	Archiveprefix = {arXiv},
	Author = {Kharzeev, Dmitri and Nardi, Marzia},
	Date-Added = {2016-11-01 05:37:35 +0000},
	Date-Modified = {2016-11-01 05:37:35 +0000},
	Doi = {10.1016/S0370-2693(01)00457-9},
	Eprint = {nucl-th/0012025},
	Journal = {Phys. Lett.},
	Pages = {121-128},
	Primaryclass = {nucl-th},
	Slaccitation = {%%CITATION = NUCL-TH/0012025;%%},
	Title = {{Hadron production in nuclear collisions at RHIC and high density QCD}},
	Volume = {B507},
	Year = {2001},
	Bdsk-Url-1 = {http://dx.doi.org/10.1016/S0370-2693(01)00457-9}}

@article{Lacey:2006bc,
	Archiveprefix = {arXiv},
	Author = {Lacey, Roy A. and Ajitanand, N. N. and Alexander, J. M. and Chung, P. and Holzmann, W. G. and Issah, M. and Taranenko, A. and Danielewicz, P. and Stoecker, Horst},
	Date-Added = {2016-11-01 05:37:35 +0000},
	Date-Modified = {2016-11-01 05:37:35 +0000},
	Doi = {10.1103/PhysRevLett.98.092301},
	Eprint = {nucl-ex/0609025},
	Journal = {Phys. Rev. Lett.},
	Pages = {092301},
	Primaryclass = {nucl-ex},
	Slaccitation = {%%CITATION = NUCL-EX/0609025;%%},
	Title = {{Has the QCD Critical Point been Signaled by Observations at RHIC?}},
	Volume = {98},
	Year = {2007},
	Bdsk-Url-1 = {http://dx.doi.org/10.1103/PhysRevLett.98.092301}}

@article{Bravina:2013ora,
	Archiveprefix = {arXiv},
	Author = {Bravina, L. V. and Brusheim Johansson, B. H. and Eyyubova, G. Kh. and Korotkikh, V. L. and Lokhtin, I. P. and Malinina, L. V. and Petrushanko, S. V. and Snigirev, A. M. and Zabrodin, E. E.},
	Date-Added = {2016-11-01 05:37:35 +0000},
	Date-Modified = {2016-11-01 05:37:35 +0000},
	Doi = {10.1103/PhysRevC.89.024909},
	Eprint = {1311.0747},
	Journal = {Phys. Rev.},
	Number = {2},
	Pages = {024909},
	Primaryclass = {hep-ph},
	Slaccitation = {%%CITATION = ARXIV:1311.0747;%%},
	Title = {{Hexagonal flow v6 as a superposition of elliptic v2 and triangular v3 flows}},
	Volume = {C89},
	Year = {2014},
	Bdsk-Url-1 = {http://dx.doi.org/10.1103/PhysRevC.89.024909}}

@article{ALICE:2011ab,
	Archiveprefix = {arXiv},
	Author = {Aamodt, K. and others},
	Collaboration = {ALICE},
	Date-Added = {2016-11-01 05:37:35 +0000},
	Date-Modified = {2016-11-01 05:37:35 +0000},
	Doi = {10.1103/PhysRevLett.107.032301},
	Eprint = {1105.3865},
	Journal = {Phys. Rev. Lett.},
	Pages = {032301},
	Primaryclass = {nucl-ex},
	Reportnumber = {CERN-PH-EP-2011-073},
	Slaccitation = {%%CITATION = ARXIV:1105.3865;%%},
	Title = {{Higher harmonic anisotropic flow measurements of charged particles in Pb-Pb collisions at $\sqrt{s_{NN}}$=2.76 TeV}},
	Volume = {107},
	Year = {2011},
	Bdsk-Url-1 = {http://dx.doi.org/10.1103/PhysRevLett.107.032301}}

@article{Adam:2016nfo,
	Archiveprefix = {arXiv},
	Author = {Adam, Jaroslav and others},
	Collaboration = {ALICE},
	Date-Added = {2016-11-01 05:37:35 +0000},
	Date-Modified = {2016-11-01 05:37:35 +0000},
	Doi = {10.1007/JHEP09(2016)164},
	Eprint = {1606.06057},
	Journal = {JHEP},
	Pages = {164},
	Primaryclass = {nucl-ex},
	Reportnumber = {CERN-EP-2016-159},
	Slaccitation = {%%CITATION = ARXIV:1606.06057;%%},
	Title = {{Higher harmonic flow coefficients of identified hadrons in Pb-Pb collisions at $\sqrt{s_{\rm NN}}$ = 2.76 TeV}},
	Volume = {09},
	Year = {2016},
	Bdsk-Url-1 = {http://dx.doi.org/10.1007/JHEP09(2016)164}}

@article{Xu:2016hmp,
	Archiveprefix = {arXiv},
	Author = {Xu, Hao-jie and Li, Zhuopeng and Song, Huichao},
	Date-Added = {2016-11-01 05:37:35 +0000},
	Date-Modified = {2016-11-01 05:37:35 +0000},
	Doi = {10.1103/PhysRevC.93.064905},
	Eprint = {1602.02029},
	Journal = {Phys. Rev.},
	Number = {6},
	Pages = {064905},
	Primaryclass = {nucl-th},
	Slaccitation = {%%CITATION = ARXIV:1602.02029;%%},
	Title = {{High-order flow harmonics of identified hadrons in 2.76A TeV Pb + Pb collisions}},
	Volume = {C93},
	Year = {2016},
	Bdsk-Url-1 = {http://dx.doi.org/10.1103/PhysRevC.93.064905}}

@article{Wang:1991hta,
	Author = {Wang, Xin-Nian and Gyulassy, Miklos},
	Date-Added = {2016-11-01 05:37:35 +0000},
	Date-Modified = {2016-11-01 05:37:35 +0000},
	Doi = {10.1103/PhysRevD.44.3501},
	Journal = {Phys. Rev.},
	Pages = {3501-3516},
	Reportnumber = {LBL-31036},
	Slaccitation = {%%CITATION = PHRVA,D44,3501;%%},
	Title = {{HIJING: A Monte Carlo model for multiple jet production in p p, p A and A A collisions}},
	Volume = {D44},
	Year = {1991},
	Bdsk-Url-1 = {http://dx.doi.org/10.1103/PhysRevD.44.3501}}

@article{Qiu:2011hf,
	Archiveprefix = {arXiv},
	Author = {Qiu, Zhi and Shen, Chun and Heinz, Ulrich},
	Date-Added = {2016-11-01 05:37:35 +0000},
	Date-Modified = {2016-11-01 05:37:35 +0000},
	Doi = {10.1016/j.physletb.2011.12.041},
	Eprint = {1110.3033},
	Journal = {Phys. Lett.},
	Pages = {151-155},
	Primaryclass = {nucl-th},
	Slaccitation = {%%CITATION = ARXIV:1110.3033;%%},
	Title = {{Hydrodynamic elliptic and triangular flow in Pb-Pb collisions at $\sqrt{s}=2.76$ATeV}},
	Volume = {B707},
	Year = {2012},
	Bdsk-Url-1 = {http://dx.doi.org/10.1016/j.physletb.2011.12.041}}

@article{Ryu:2015vwa,
	Archiveprefix = {arXiv},
	Author = {Ryu, S. and Paquet, J. -F. and Shen, C. and Denicol, G. S. and Schenke, B. and Jeon, S. and Gale, C.},
	Date-Added = {2016-11-01 05:37:35 +0000},
	Date-Modified = {2016-11-01 05:37:35 +0000},
	Doi = {10.1103/PhysRevLett.115.132301},
	Eprint = {1502.01675},
	Journal = {Phys. Rev. Lett.},
	Number = {13},
	Pages = {132301},
	Primaryclass = {nucl-th},
	Slaccitation = {%%CITATION = ARXIV:1502.01675;%%},
	Title = {{Importance of the Bulk Viscosity of QCD in Ultrarelativistic Heavy-Ion Collisions}},
	Volume = {115},
	Year = {2015},
	Bdsk-Url-1 = {http://dx.doi.org/10.1103/PhysRevLett.115.132301}}

@article{NilssonAlmqvist:1986rx,
	Author = {Nilsson-Almqvist, Bo and Stenlund, Evert},
	Date-Added = {2016-11-01 05:37:35 +0000},
	Date-Modified = {2016-11-01 05:37:35 +0000},
	Doi = {10.1016/0010-4655(87)90056-7},
	Journal = {Comput. Phys. Commun.},
	Pages = {387},
	Reportnumber = {LU TP-86-14, LUIP-8604},
	Slaccitation = {%%CITATION = CPHCB,43,387;%%},
	Title = {{Interactions Between Hadrons and Nuclei: The Lund Monte Carlo, Fritiof Version 1.6}},
	Volume = {43},
	Year = {1987},
	Bdsk-Url-1 = {http://dx.doi.org/10.1016/0010-4655(87)90056-7}}

@article{Adamczyk:2015xjc,
	Archiveprefix = {arXiv},
	Author = {Adamczyk, L. and others},
	Collaboration = {STAR},
	Date-Added = {2016-11-01 05:37:35 +0000},
	Date-Modified = {2016-11-01 05:37:35 +0000},
	Doi = {10.1016/j.physletb.2015.05.075},
	Eprint = {1502.07652},
	Journal = {Phys. Lett.},
	Pages = {265-271},
	Primaryclass = {nucl-ex},
	Slaccitation = {%%CITATION = ARXIV:1502.07652;%%},
	Title = {{Long-range pseudorapidity dihadron correlations in $d$+Au collisions at $\sqrt{s_{\rm NN}}=200$ GeV}},
	Volume = {B747},
	Year = {2015},
	Bdsk-Url-1 = {http://dx.doi.org/10.1016/j.physletb.2015.05.075}}

@article{PhysRevC.44.1091,
	Author = {Wang, S. and Jiang, Y. Z. and Liu, Y. M. and Keane, D. and Beavis, D. and Chu, S. Y. and Fung, S. Y. and Vient, M. and Hartnack, C. and St\"ocker, H.},
	Date-Added = {2016-11-01 05:37:35 +0000},
	Date-Modified = {2016-11-01 05:37:35 +0000},
	Doi = {10.1103/PhysRevC.44.1091},
	Issue = {3},
	Journal = {Phys. Rev. C},
	Month = {Sep},
	Numpages = {0},
	Pages = {1091--1095},
	Publisher = {American Physical Society},
	Title = {Measurement of collective flow in heavy-ion collisions using particle-pair correlations},
	Url = {http://link.aps.org/doi/10.1103/PhysRevC.44.1091},
	Volume = {44},
	Year = {1991},
	Bdsk-Url-1 = {http://link.aps.org/doi/10.1103/PhysRevC.44.1091},
	Bdsk-Url-2 = {http://dx.doi.org/10.1103/PhysRevC.44.1091}}

@article{Aad:2013fja,
	Archiveprefix = {arXiv},
	Author = {Aad, Georges and others},
	Collaboration = {ATLAS},
	Date-Added = {2016-11-01 05:37:35 +0000},
	Date-Modified = {2016-11-01 05:37:35 +0000},
	Doi = {10.1016/j.physletb.2013.06.057},
	Eprint = {1303.2084},
	Journal = {Phys. Lett.},
	Pages = {60-78},
	Primaryclass = {hep-ex},
	Reportnumber = {CERN-PH-EP-2013-029},
	Slaccitation = {%%CITATION = ARXIV:1303.2084;%%},
	Title = {{Measurement with the ATLAS detector of multi-particle azimuthal correlations in p+Pb collisions at $\sqrt{s_{NN}}$ =5.02 TeV}},
	Volume = {B725},
	Year = {2013},
	Bdsk-Url-1 = {http://dx.doi.org/10.1016/j.physletb.2013.06.057}}

@article{Adare:2015ctn,
	Archiveprefix = {arXiv},
	Author = {Adare, A. and others},
	Collaboration = {PHENIX},
	Date-Added = {2016-11-01 05:37:35 +0000},
	Date-Modified = {2016-11-01 05:37:35 +0000},
	Doi = {10.1103/PhysRevLett.115.142301},
	Eprint = {1507.06273},
	Journal = {Phys. Rev. Lett.},
	Number = {14},
	Pages = {142301},
	Primaryclass = {nucl-ex},
	Slaccitation = {%%CITATION = ARXIV:1507.06273;%%},
	Title = {{Measurements of elliptic and triangular flow in high-multiplicity $^{3}$He$+$Au collisions at $\sqrt{s_{_{NN}}}=200$ GeV}},
	Volume = {115},
	Year = {2015},
	Bdsk-Url-1 = {http://dx.doi.org/10.1103/PhysRevLett.115.142301}}

@article{Adare:2011tg,
	Archiveprefix = {arXiv},
	Author = {Adare, A. and others},
	Collaboration = {PHENIX},
	Date-Added = {2016-11-01 05:37:35 +0000},
	Date-Modified = {2016-11-01 05:37:35 +0000},
	Doi = {10.1103/PhysRevLett.107.252301},
	Eprint = {1105.3928},
	Journal = {Phys. Rev. Lett.},
	Pages = {252301},
	Primaryclass = {nucl-ex},
	Slaccitation = {%%CITATION = ARXIV:1105.3928;%%},
	Title = {{Measurements of Higher-Order Flow Harmonics in Au+Au Collisions at $\sqrt{s_{NN}} = 200$ GeV}},
	Volume = {107},
	Year = {2011},
	Bdsk-Url-1 = {http://dx.doi.org/10.1103/PhysRevLett.107.252301}}

@article{Poskanzer:1998yz,
	Archiveprefix = {arXiv},
	Author = {Poskanzer, Arthur M. and Voloshin, S. A.},
	Date-Added = {2016-11-01 05:37:35 +0000},
	Date-Modified = {2016-11-01 05:37:35 +0000},
	Doi = {10.1103/PhysRevC.58.1671},
	Eprint = {nucl-ex/9805001},
	Journal = {Phys. Rev.},
	Pages = {1671-1678},
	Primaryclass = {nucl-ex},
	Slaccitation = {%%CITATION = NUCL-EX/9805001;%%},
	Title = {{Methods for analyzing anisotropic flow in relativistic nuclear collisions}},
	Volume = {C58},
	Year = {1998},
	Bdsk-Url-1 = {http://dx.doi.org/10.1103/PhysRevC.58.1671}}

@article{Abelev:2014mda,
	Archiveprefix = {arXiv},
	Author = {Abelev, Betty Bezverkhny and others},
	Collaboration = {ALICE},
	Date-Added = {2016-11-01 05:37:35 +0000},
	Date-Modified = {2016-11-01 05:37:35 +0000},
	Doi = {10.1103/PhysRevC.90.054901},
	Eprint = {1406.2474},
	Journal = {Phys. Rev.},
	Number = {5},
	Pages = {054901},
	Primaryclass = {nucl-ex},
	Reportnumber = {CERN-PH-EP-2014-105},
	Slaccitation = {%%CITATION = ARXIV:1406.2474;%%},
	Title = {{Multiparticle azimuthal correlations in p -Pb and Pb-Pb collisions at the CERN Large Hadron Collider}},
	Volume = {C90},
	Year = {2014},
	Bdsk-Url-1 = {http://dx.doi.org/10.1103/PhysRevC.90.054901}}

@article{Paatelainen:2012at,
	Archiveprefix = {arXiv},
	Author = {Paatelainen, R. and Eskola, K. J. and Holopainen, H. and Tuominen, K.},
	Date-Added = {2016-11-01 05:37:35 +0000},
	Date-Modified = {2016-11-01 05:37:35 +0000},
	Doi = {10.1103/PhysRevC.87.044904},
	Eprint = {1211.0461},
	Journal = {Phys. Rev.},
	Number = {4},
	Pages = {044904},
	Primaryclass = {hep-ph},
	Slaccitation = {%%CITATION = ARXIV:1211.0461;%%},
	Title = {{Multiplicities and $p_T$ spectra in ultrarelativistic heavy ion collisions from a next-to-leading order improved perturbative QCD + saturation + hydrodynamics model}},
	Volume = {C87},
	Year = {2013},
	Bdsk-Url-1 = {http://dx.doi.org/10.1103/PhysRevC.87.044904}}

@article{Barrette:1994xr,
	Archiveprefix = {arXiv},
	Author = {Barrette, J. and others},
	Collaboration = {E877},
	Date-Added = {2016-11-01 05:37:35 +0000},
	Date-Modified = {2016-11-01 05:37:35 +0000},
	Doi = {10.1103/PhysRevLett.73.2532},
	Eprint = {hep-ex/9405003},
	Journal = {Phys. Rev. Lett.},
	Pages = {2532-2535},
	Primaryclass = {hep-ex},
	Reportnumber = {SUNY-RHI-94-08},
	Slaccitation = {%%CITATION = HEP-EX/9405003;%%},
	Title = {{Observation of anisotropic event shapes and transverse flow in Au + Au collisions at AGS energy}},
	Volume = {73},
	Year = {1994},
	Bdsk-Url-1 = {http://dx.doi.org/10.1103/PhysRevLett.73.2532}}

@article{Bozek:2012qs,
	Archiveprefix = {arXiv},
	Author = {Bozek, Piotr and Wyskiel-Piekarska, Iwona},
	Date-Added = {2016-11-01 05:37:35 +0000},
	Date-Modified = {2016-11-01 05:37:35 +0000},
	Doi = {10.1103/PhysRevC.85.064915},
	Eprint = {1203.6513},
	Journal = {Phys. Rev.},
	Pages = {064915},
	Primaryclass = {nucl-th},
	Slaccitation = {%%CITATION = ARXIV:1203.6513;%%},
	Title = {{Particle spectra in Pb-Pb collisions at $\sqrt{S_NN} = 2.76 TeV$}},
	Volume = {C85},
	Year = {2012},
	Bdsk-Url-1 = {http://dx.doi.org/10.1103/PhysRevC.85.064915}}

@article{Lin:2001zk,
	Archiveprefix = {arXiv},
	Author = {Lin, Zi-wei and Ko, C. M.},
	Date-Added = {2016-11-01 05:37:35 +0000},
	Date-Modified = {2016-11-01 05:37:35 +0000},
	Doi = {10.1103/PhysRevC.65.034904},
	Eprint = {nucl-th/0108039},
	Journal = {Phys. Rev.},
	Pages = {034904},
	Primaryclass = {nucl-th},
	Slaccitation = {%%CITATION = NUCL-TH/0108039;%%},
	Title = {{Partonic effects on the elliptic flow at RHIC}},
	Volume = {C65},
	Year = {2002},
	Bdsk-Url-1 = {http://dx.doi.org/10.1103/PhysRevC.65.034904}}

@article{Abelev:2014ffa,
	Archiveprefix = {arXiv},
	Author = {Abelev, Betty Bezverkhny and others},
	Collaboration = {ALICE},
	Date-Added = {2016-11-01 05:37:35 +0000},
	Date-Modified = {2016-11-01 05:37:35 +0000},
	Doi = {10.1142/S0217751X14300440},
	Eprint = {1402.4476},
	Journal = {Int. J. Mod. Phys.},
	Pages = {1430044},
	Primaryclass = {nucl-ex},
	Reportnumber = {CERN-PH-EP-2014-031},
	Slaccitation = {%%CITATION = ARXIV:1402.4476;%%},
	Title = {{Performance of the ALICE Experiment at the CERN LHC}},
	Volume = {A29},
	Year = {2014},
	Bdsk-Url-1 = {http://dx.doi.org/10.1142/S0217751X14300440}}

@article{Abbas:2013taa,
	Archiveprefix = {arXiv},
	Author = {Abbas, E. and others},
	Collaboration = {ALICE},
	Date-Added = {2016-11-01 05:37:35 +0000},
	Date-Modified = {2016-11-01 05:37:35 +0000},
	Doi = {10.1088/1748-0221/8/10/P10016},
	Eprint = {1306.3130},
	Journal = {JINST},
	Pages = {P10016},
	Primaryclass = {nucl-ex},
	Reportnumber = {CERN-PH-EP-2013-082},
	Slaccitation = {%%CITATION = ARXIV:1306.3130;%%},
	Title = {{Performance of the ALICE VZERO system}},
	Volume = {8},
	Year = {2013},
	Bdsk-Url-1 = {http://dx.doi.org/10.1088/1748-0221/8/10/P10016}}

@article{Li:2001xh,
	Author = {Li, B. and Sustich, A. T. and Zhang, B. and Ko, C. M.},
	Date-Added = {2016-11-01 05:37:35 +0000},
	Date-Modified = {2016-11-01 05:37:35 +0000},
	Doi = {10.1142/S0218301301000575},
	Journal = {Int. J. Mod. Phys.},
	Pages = {267-352},
	Slaccitation = {%%CITATION = IMPAE,E10,267;%%},
	Title = {{Studies of superdense hadronic matter in a relativistic transport model}},
	Volume = {E10},
	Year = {2001},
	Bdsk-Url-1 = {http://dx.doi.org/10.1142/S0218301301000575}}

@article{Alver:2006wh,
	Archiveprefix = {arXiv},
	Author = {Alver, B. and others},
	Collaboration = {PHOBOS},
	Date-Added = {2016-11-01 05:37:35 +0000},
	Date-Modified = {2016-11-01 05:37:35 +0000},
	Doi = {10.1103/PhysRevLett.98.242302},
	Eprint = {nucl-ex/0610037},
	Journal = {Phys. Rev. Lett.},
	Pages = {242302},
	Primaryclass = {nucl-ex},
	Slaccitation = {%%CITATION = NUCL-EX/0610037;%%},
	Title = {{System size, energy, pseudorapidity, and centrality dependence of elliptic flow}},
	Volume = {98},
	Year = {2007},
	Bdsk-Url-1 = {http://dx.doi.org/10.1103/PhysRevLett.98.242302}}

@article{Shen:2010uy,
	Archiveprefix = {arXiv},
	Author = {Shen, Chun and Heinz, Ulrich and Huovinen, Pasi and Song, Huichao},
	Date-Added = {2016-11-01 05:37:35 +0000},
	Date-Modified = {2016-11-01 05:37:35 +0000},
	Doi = {10.1103/PhysRevC.82.054904},
	Eprint = {1010.1856},
	Journal = {Phys. Rev.},
	Pages = {054904},
	Primaryclass = {nucl-th},
	Slaccitation = {%%CITATION = ARXIV:1010.1856;%%},
	Title = {{Systematic parameter study of hadron spectra and elliptic flow from viscous hydrodynamic simulations of Au+Au collisions at $\sqrt{s_{NN}}=200$ GeV}},
	Volume = {C82},
	Year = {2010},
	Bdsk-Url-1 = {http://dx.doi.org/10.1103/PhysRevC.82.054904}}

@article{Aamodt:2008zz,
	Author = {Aamodt, K. and others},
	Collaboration = {ALICE},
	Date-Added = {2016-11-01 05:37:35 +0000},
	Date-Modified = {2016-11-01 05:37:35 +0000},
	Doi = {10.1088/1748-0221/3/08/S08002},
	Journal = {JINST},
	Pages = {S08002},
	Slaccitation = {%%CITATION = JINST,3,S08002;%%},
	Title = {{The ALICE experiment at the CERN LHC}},
	Volume = {3},
	Year = {2008},
	Bdsk-Url-1 = {http://dx.doi.org/10.1088/1748-0221/3/08/S08002}}

@article{Shen:2011zc,
	Archiveprefix = {arXiv},
	Author = {Shen, Chun and Bass, Steffen A. and Hirano, Tetsufumi and Huovinen, Pasi and Qiu, Zhi and Song, Huichao and Heinz, Ulrich},
	Booktitle = {{Quark matter. Proceedings, 22nd International Conference on Ultra-Relativistic Nucleus-Nucleus Collisions, Quark Matter 2011, Annecy, France, May 23-28, 2011}},
	Date-Added = {2016-11-01 05:37:35 +0000},
	Date-Modified = {2016-11-01 05:37:35 +0000},
	Doi = {10.1088/0954-3899/38/12/124045},
	Eprint = {1106.6350},
	Journal = {J. Phys.},
	Pages = {124045},
	Primaryclass = {nucl-th},
	Slaccitation = {%%CITATION = ARXIV:1106.6350;%%},
	Title = {{The QGP shear viscosity: Elusive goal or just around the corner?}},
	Volume = {G38},
	Year = {2011},
	Bdsk-Url-1 = {http://dx.doi.org/10.1088/0954-3899/38/12/124045}}

@article{Kovtun:2004de,
	Archiveprefix = {arXiv},
	Author = {Kovtun, P. and Son, Dan T. and Starinets, Andrei O.},
	Date-Added = {2016-11-01 05:37:35 +0000},
	Date-Modified = {2016-11-01 05:37:35 +0000},
	Doi = {10.1103/PhysRevLett.94.111601},
	Eprint = {hep-th/0405231},
	Journal = {Phys. Rev. Lett.},
	Pages = {111601},
	Primaryclass = {hep-th},
	Reportnumber = {INT-PUB-04-09, UW-PT-04-04},
	Slaccitation = {%%CITATION = HEP-TH/0405231;%%},
	Title = {{Viscosity in strongly interacting quantum field theories from black hole physics}},
	Volume = {94},
	Year = {2005},
	Bdsk-Url-1 = {http://dx.doi.org/10.1103/PhysRevLett.94.111601}}

@article{Romatschke:2007mq,
	Archiveprefix = {arXiv},
	Author = {Romatschke, Paul and Romatschke, Ulrike},
	Date-Added = {2016-11-01 05:37:35 +0000},
	Date-Modified = {2016-11-01 05:37:35 +0000},
	Doi = {10.1103/PhysRevLett.99.172301},
	Eprint = {0706.1522},
	Journal = {Phys. Rev. Lett.},
	Pages = {172301},
	Primaryclass = {nucl-th},
	Reportnumber = {INT-PUB-07-14},
	Slaccitation = {%%CITATION = ARXIV:0706.1522;%%},
	Title = {{Viscosity Information from Relativistic Nuclear Collisions: How Perfect is the Fluid Observed at RHIC?}},
	Volume = {99},
	Year = {2007},
	Bdsk-Url-1 = {http://dx.doi.org/10.1103/PhysRevLett.99.172301}}

@article{Zhang:1997ej,
	Archiveprefix = {arXiv},
	Author = {Zhang, Bin},
	Date-Added = {2016-11-01 05:37:35 +0000},
	Date-Modified = {2016-11-01 05:37:35 +0000},
	Doi = {10.1016/S0010-4655(98)00010-1},
	Eprint = {nucl-th/9709009},
	Journal = {Comput. Phys. Commun.},
	Pages = {193-206},
	Primaryclass = {nucl-th},
	Reportnumber = {CU-TP-853},
	Slaccitation = {%%CITATION = NUCL-TH/9709009;%%},
	Title = {{ZPC 1.0.1: A Parton cascade for ultrarelativistic heavy ion collisions}},
	Volume = {109},
	Year = {1998},
	Bdsk-Url-1 = {http://dx.doi.org/10.1016/S0010-4655(98)00010-1}}

@article{Lin:2005br,
	Author = {Lin, Zi-Wei and Ko, Che Ming and Li, Bao-An and Zhang, Bin and Pal, Subrata},
	Date-Added = {2016-09-20 03:09:25 +0000},
	Date-Modified = {2016-09-20 03:09:25 +0000},
	Journal = {Physical Review C},
	Month = dec,
	Number = {6},
	Pages = {064901--29},
	Title = {{Multiphase transport model for relativistic heavy ion collisions}},
	Volume = {72},
	Year = {2005}}

@article{Luzum:2013yya,
	Archiveprefix = {arXiv},
	Author = {Luzum, Matthew and Petersen, Hannah},
	Date-Added = {2016-08-31 06:11:02 +0000},
	Date-Modified = {2016-08-31 06:11:02 +0000},
	Doi = {10.1088/0954-3899/41/6/063102},
	Eprint = {1312.5503},
	Journal = {J. Phys.},
	Pages = {063102},
	Primaryclass = {nucl-th},
	Slaccitation = {%%CITATION = ARXIV:1312.5503;%%},
	Title = {{Initial State Fluctuations and Final State Correlations in Relativistic Heavy-Ion Collisions}},
	Volume = {G41},
	Year = {2014},
	Bdsk-Url-1 = {http://dx.doi.org/10.1088/0954-3899/41/6/063102}}

@article{Tsang:1991zza,
	Author = {Tsang, M. B. and de Souza, R. T. and Kim, Yeong-duk and Bowman, D. R. and Carlin, N. and Gelbke, C. K. and Gong, W. G. and Lynch, W. G. and Phair, L. and Zhu, F.},
	Date-Added = {2016-08-31 03:34:00 +0000},
	Date-Modified = {2016-08-31 03:34:00 +0000},
	Doi = {10.1103/PhysRevC.44.2065},
	Journal = {Phys. Rev.},
	Pages = {2065-2081},
	Slaccitation = {%%CITATION = PHRVA,C44,2065;%%},
	Title = {{Reaction plane determination for Ar-36 + Au-197 collisions at E/A=35 MeV}},
	Volume = {C44},
	Year = {1991},
	Bdsk-Url-1 = {http://dx.doi.org/10.1103/PhysRevC.44.2065}}

@article{Wang:1991qh,
	Author = {Wang, S. and Jiang, Y. Z. and Liu, Y. M. and Keane, D. and Beavis, D. and Chu, S. Y. and Fung, S. Y. and Vient, M. and Hartnack, C. and Stoecker, Horst},
	Date-Added = {2016-08-31 03:33:34 +0000},
	Date-Modified = {2016-08-31 03:33:34 +0000},
	Doi = {10.1103/PhysRevC.44.1091},
	Journal = {Phys. Rev.},
	Pages = {1091-1095},
	Slaccitation = {%%CITATION = PHRVA,C44,1091;%%},
	Title = {{Measurement of collective flow in heavy ion collisions using particle pair correlations}},
	Volume = {C44},
	Year = {1991},
	Bdsk-Url-1 = {http://dx.doi.org/10.1103/PhysRevC.44.1091}}

@url{aliroot,
	Date-Added = {2016-08-30 06:57:28 +0000},
	Date-Modified = {2016-08-30 06:57:55 +0000},
	Title = {AliRoot Documentation},
	Url = {http://aliweb.cern.ch/Offline/AliRoot/Manual.html},
	Bdsk-Url-1 = {http://aliweb.cern.ch/Offline/AliRoot/Manual.html}}

@url{tpctdr,
	Date-Added = {2016-08-30 06:34:07 +0000},
	Date-Modified = {2016-08-30 06:35:01 +0000},
	Title = {Technical Design Report for ALICE Time Projection Chamber},
	Url = {https://cds.cern.ch/record/1622286/files/ALICE-TDR-016.pdf},
	Bdsk-Url-1 = {https://cds.cern.ch/record/1622286/files/ALICE-TDR-016.pdf}}

@webpage{cds,
	Date-Added = {2016-08-30 06:20:51 +0000},
	Date-Modified = {2016-08-30 06:24:32 +0000},
	Title = {CERN Document Server},
	Url = {http://cds.cern.ch/},
	Bdsk-Url-1 = {http://cds.cern.ch/}}

@webpage{cms,
	Date-Added = {2016-08-30 06:13:02 +0000},
	Date-Modified = {2016-08-30 06:24:59 +0000},
	Title = {CMS public web page},
	Url = {http://cms.web.cern.ch},
	Bdsk-Url-1 = {http://cms.web.cern.ch}}

@webpage{alice,
	Date-Added = {2016-08-30 06:11:47 +0000},
	Date-Modified = {2016-08-30 06:24:23 +0000},
	Title = {ALICE Public web page},
	Url = {http://aliceinfo.cern.ch/Public/Welcome.html},
	Bdsk-Url-1 = {http://aliceinfo.cern.ch/Public/Welcome.html}}

@webpage{atlas,
	Date-Added = {2016-08-30 06:10:55 +0000},
	Date-Modified = {2016-08-30 06:24:13 +0000},
	Title = {ATLAS Public web pages},
	Url = {http://atlas.ch},
	Urldate = {http://atlas.ch},
	Bdsk-Url-1 = {http://atlas.ch}}

@book{lhc,
	Date-Added = {2016-08-30 06:09:21 +0000},
	Date-Modified = {2016-08-30 06:10:03 +0000},
	Publisher = {JINST},
	Title = {The CERN Large Hadron Collider:Accelerator and Experiments, LHC Machine},
	Year = {2008}}

@article{Teaney:2012ke,
	Archiveprefix = {arXiv},
	Author = {Teaney, Derek and Yan, Li},
	Date-Added = {2016-08-30 02:57:19 +0000},
	Date-Modified = {2016-08-30 02:57:19 +0000},
	Doi = {10.1103/PhysRevC.86.044908},
	Eprint = {1206.1905},
	Journal = {Phys. Rev.},
	Pages = {044908},
	Primaryclass = {nucl-th},
	Slaccitation = {%%CITATION = ARXIV:1206.1905;%%},
	Title = {{Non linearities in the harmonic spectrum of heavy ion collisions with ideal and viscous hydrodynamics}},
	Volume = {C86},
	Year = {2012},
	Bdsk-Url-1 = {http://dx.doi.org/10.1103/PhysRevC.86.044908}}

@article{Gyulassy:1994ew,
	Archiveprefix = {arXiv},
	Author = {Gyulassy, Miklos and Wang, Xin-Nian},
	Date-Added = {2016-08-29 07:54:07 +0000},
	Date-Modified = {2016-08-29 07:54:07 +0000},
	Doi = {10.1016/0010-4655(94)90057-4},
	Eprint = {nucl-th/9502021},
	Journal = {Comput. Phys. Commun.},
	Pages = {307},
	Primaryclass = {nucl-th},
	Reportnumber = {LBL-34246},
	Slaccitation = {%%CITATION = NUCL-TH/9502021;%%},
	Title = {{HIJING 1.0: A Monte Carlo program for parton and particle production in high-energy hadronic and nuclear collisions}},
	Volume = {83},
	Year = {1994},
	Bdsk-Url-1 = {http://dx.doi.org/10.1016/0010-4655(94)90057-4}}

@article{Borghini:2000sa,
	Archiveprefix = {arXiv},
	Author = {Borghini, Nicolas and Dinh, Phuong Mai and Ollitrault, Jean-Yves},
	Date-Added = {2016-08-29 07:49:47 +0000},
	Date-Modified = {2016-08-29 07:49:47 +0000},
	Doi = {10.1103/PhysRevC.63.054906},
	Eprint = {nucl-th/0007063},
	Journal = {Phys. Rev.},
	Pages = {054906},
	Primaryclass = {nucl-th},
	Reportnumber = {SACLAY-SPH-T-00-110},
	Slaccitation = {%%CITATION = NUCL-TH/0007063;%%},
	Title = {{A New method for measuring azimuthal distributions in nucleus-nucleus collisions}},
	Volume = {C63},
	Year = {2001},
	Bdsk-Url-1 = {http://dx.doi.org/10.1103/PhysRevC.63.054906}}

@article{PhysRevD.44.3501,
	Author = {Wang, Xin-Nian and Gyulassy, Miklos},
	Date-Added = {2016-08-29 05:44:15 +0000},
	Date-Modified = {2016-08-29 05:44:15 +0000},
	Doi = {10.1103/PhysRevD.44.3501},
	Issue = {11},
	Journal = {Phys. Rev. D},
	Month = {Dec},
	Numpages = {0},
	Pages = {3501--3516},
	Publisher = {American Physical Society},
	Title = {hijing: A Monte Carlo model for multiple jet production in $\mathrm{pp}$, $\mathrm{pA}$, and $\mathrm{AA}$ collisions},
	Url = {http://link.aps.org/doi/10.1103/PhysRevD.44.3501},
	Volume = {44},
	Year = {1991},
	Bdsk-Url-1 = {http://link.aps.org/doi/10.1103/PhysRevD.44.3501},
	Bdsk-Url-2 = {http://dx.doi.org/10.1103/PhysRevD.44.3501}}

@article{PhysRevC.89.064904,
	Author = {Bilandzic, Ante and Christensen, Christian Holm and Gulbrandsen, Kristjan and Hansen, Alexander and Zhou, You},
	Date-Added = {2016-08-29 04:05:05 +0000},
	Date-Modified = {2016-08-29 04:05:05 +0000},
	Doi = {10.1103/PhysRevC.89.064904},
	Issue = {6},
	Journal = {Phys. Rev. C},
	Month = {Jun},
	Numpages = {20},
	Pages = {064904},
	Publisher = {American Physical Society},
	Title = {Generic framework for anisotropic flow analyses with multiparticle azimuthal correlations},
	Url = {http://link.aps.org/doi/10.1103/PhysRevC.89.064904},
	Volume = {89},
	Year = {2014},
	Bdsk-Url-1 = {http://link.aps.org/doi/10.1103/PhysRevC.89.064904},
	Bdsk-Url-2 = {http://dx.doi.org/10.1103/PhysRevC.89.064904}}

@article{Bazavov:2014pvz,
	Archiveprefix = {arXiv},
	Author = {Bazavov, A. and others},
	Collaboration = {HotQCD},
	Date-Added = {2016-08-29 03:17:12 +0000},
	Date-Modified = {2016-08-29 03:17:12 +0000},
	Doi = {10.1103/PhysRevD.90.094503},
	Eprint = {1407.6387},
	Journal = {Phys. Rev.},
	Pages = {094503},
	Primaryclass = {hep-lat},
	Reportnumber = {BNL-105928-2014-JA},
	Slaccitation = {%%CITATION = ARXIV:1407.6387;%%},
	Title = {{Equation of state in ( 2+1 )-flavor QCD}},
	Volume = {D90},
	Year = {2014},
	Bdsk-Url-1 = {http://dx.doi.org/10.1103/PhysRevD.90.094503}}

@article{Adams:2005dq,
	Archiveprefix = {arXiv},
	Author = {Adams, John and others},
	Collaboration = {STAR},
	Date-Added = {2016-08-29 02:59:48 +0000},
	Date-Modified = {2016-08-29 02:59:48 +0000},
	Doi = {10.1016/j.nuclphysa.2005.03.085},
	Eprint = {nucl-ex/0501009},
	Journal = {Nucl. Phys.},
	Pages = {102-183},
	Primaryclass = {nucl-ex},
	Slaccitation = {%%CITATION = NUCL-EX/0501009;%%},
	Title = {{Experimental and theoretical challenges in the search for the quark gluon plasma: The STAR Collaboration's critical assessment of the evidence from RHIC collisions}},
	Volume = {A757},
	Year = {2005},
	Bdsk-Url-1 = {http://dx.doi.org/10.1016/j.nuclphysa.2005.03.085}}

@article{PhysRevD.10.2445,
	Author = {Wilson, Kenneth G.},
	Date-Added = {2016-08-29 02:55:31 +0000},
	Date-Modified = {2016-08-29 02:55:31 +0000},
	Doi = {10.1103/PhysRevD.10.2445},
	Issue = {8},
	Journal = {Phys. Rev. D},
	Month = {Oct},
	Numpages = {0},
	Pages = {2445--2459},
	Publisher = {American Physical Society},
	Title = {Confinement of quarks},
	Url = {http://link.aps.org/doi/10.1103/PhysRevD.10.2445},
	Volume = {10},
	Year = {1974},
	Bdsk-Url-1 = {http://link.aps.org/doi/10.1103/PhysRevD.10.2445},
	Bdsk-Url-2 = {http://dx.doi.org/10.1103/PhysRevD.10.2445}}

@article{PhysRevC.87.054901,
	Author = {Niemi, H. and Denicol, G. S. and Holopainen, H. and Huovinen, P.},
	Date-Added = {2016-08-23 11:30:06 +0000},
	Date-Modified = {2016-08-23 11:30:06 +0000},
	Doi = {10.1103/PhysRevC.87.054901},
	Issue = {5},
	Journal = {Phys. Rev. C},
	Month = {May},
	Numpages = {8},
	Pages = {054901},
	Publisher = {American Physical Society},
	Title = {Event-by-event distributions of azimuthal asymmetries in ultrarelativistic heavy-ion collisions},
	Url = {http://link.aps.org/doi/10.1103/PhysRevC.87.054901},
	Volume = {87},
	Year = {2013},
	Bdsk-Url-1 = {http://link.aps.org/doi/10.1103/PhysRevC.87.054901},
	Bdsk-Url-2 = {http://dx.doi.org/10.1103/PhysRevC.87.054901}}

@article{Chatrchyan:2013kba,
	Archiveprefix = {arXiv},
	Author = {Chatrchyan, Serguei and others},
	Collaboration = {CMS},
	Date-Added = {2016-08-23 09:35:06 +0000},
	Date-Modified = {2016-08-23 09:35:06 +0000},
	Doi = {10.1103/PhysRevC.89.044906},
	Eprint = {1310.8651},
	Journal = {Phys. Rev.},
	Number = {4},
	Pages = {044906},
	Primaryclass = {nucl-ex},
	Reportnumber = {CMS-HIN-11-005, CERN-PH-EP-2013-196},
	Slaccitation = {%%CITATION = ARXIV:1310.8651;%%},
	Title = {{Measurement of higher-order harmonic azimuthal anisotropy in PbPb collisions at $\sqrt{s_{NN}}$ = 2.76 TeV}},
	Volume = {C89},
	Year = {2014},
	Bdsk-Url-1 = {http://dx.doi.org/10.1103/PhysRevC.89.044906}}

@article{PhysRevLett.105.252302,
	Author = {Aamodt, K. and Abelev, B. and Abrahantes Quintana, A. and Adamov\'a, D. and Adare, A. M. and Aggarwal, M. M. and Aglieri Rinella, G. and Agocs, A. G. and Aguilar Salazar, S. and Ahammed, Z. and Ahmad Masoodi, A. and Ahmad, N. and Ahn, S. U. and Akindinov, A. and Aleksandrov, D. and Alessandro, B. and Alfaro Molina, R. and Alici, A. and Alkin, A. and Almar\'az Avi\~na, E. and Alt, T. and Altini, V. and Altinpinar, S. and Altsybeev, I. and Andrei, C. and Andronic, A. and Anguelov, V. and Anson, C. and Anti\ifmmode \check{c}\else \v{c}\fi{}i\ifmmode \acute{c}\else \'{c}\fi{}, T. and Antinori, F. and Antonioli, P. and Aphecetche, L. and Appelsh\"auser, H. and Arbor, N. and Arcelli, S. and Arend, A. and Armesto, N. and Arnaldi, R. and Aronsson, T. and Arsene, I. C. and Asryan, A. and Augustinus, A. and Averbeck, R. and Awes, T. C. and \"Ayst\"o, J. and Azmi, M. D. and Bach, M. and Badal\`a, A. and Baek, Y. W. and Bagnasco, S. and Bailhache, R. and Bala, R. and Baldini Ferroli, R. and Baldisseri, A. and Baldit, A. and Baltasar Dos Santos Pedrosa, F. and B\'an, J. and Barbera, R. and Barile, F. and Barnaf\"oldi, G. G. and Barnby, L. S. and Barret, V. and Bartke, J. and Basile, M. and Bastid, N. and Bathen, B. and Batigne, G. and Batyunya, B. and Baumann, C. and Bearden, I. G. and Beck, H. and Belikov, I. and Bellini, F. and Bellwied, R. and Belmont-Moreno, E. and Beole, S. and Berceanu, I. and Bercuci, A. and Berdermann, E. and Berdnikov, Y. and Bergmann, C. and Betev, L. and Bhasin, A. and Bhati, A. K. and Bianchi, L. and Bianchi, N. and Bianchin, C. and Biel\ifmmode \check{c}\else \v{c}\fi{}\'{\i}k, J. and Biel\ifmmode \check{c}\else \v{c}\fi{}\'{\i}kov\'a, J. and Bilandzic, A. and Biolcati, E. and Blanc, A. and Blanco, F. and Blanco, F. and Blau, D. and Blume, C. and Boccioli, M. and Bock, N. and Bogdanov, A. and B\o{}ggild, H. and Bogolyubsky, M. and Boldizs\'ar, L. and Bombara, M. and Bombonati, C. and Book, J. and Borel, H. and Borissov, A. and Bortolin, C. and Bose, S. and Boss\'u, F. and Botje, M. and B\"ottger, S. and Boyer, B. and Braun-Munzinger, P. and Bravina, L. and Bregant, M. and Breitner, T. and Broz, M. and Brun, R. and Bruna, E. and Bruno, G. E. and Budnikov, D. and Buesching, H. and Bugaiev, K. and Busch, O. and Buthelezi, Z. and Caffarri, D. and Cai, X. and Caines, H. and Calvo Villar, E. and Camerini, P. and Canoa Roman, V. and Cara Romeo, G. and Carena, F. and Carena, W. and Carminati, F. and Casanova D\'{\i}az, A. and Caselle, M. and Castillo Castellanos, J. and Catanescu, V. and Cavicchioli, C. and Cepila, J. and Cerello, P. and Chang, B. and Chapeland, S. and Charvet, J. L. and Chattopadhyay, S. and Chattopadhyay, S. and Cherney, M. and Cheshkov, C. and Cheynis, B. and Chiavassa, E. and Chibante Barroso, V. and Chinellato, D. D. and Chochula, P. and Chojnacki, M. and Christakoglou, P. and Christensen, C. H. and Christiansen, P. and Chujo, T. and Cicalo, C. and Cifarelli, L. and Cindolo, F. and Cleymans, J. and Coccetti, F. and Coffin, J.-P. and Coli, S. and Conesa Balbastre, G. and Conesa del Valle, Z. and Constantin, P. and Contin, G. and Contreras, J. G. and Cormier, T. M. and Corrales Morales, Y. and Cort\'es Maldonado, I. and Cortese, P. and Cosentino, M. R. and Costa, F. and Cotallo, M. E. and Crescio, E. and Crochet, P. and Cuautle, E. and Cunqueiro, L. and Erasmo, G. D. and Dainese, A. and Dalsgaard, H. H. and Danu, A. and Das, D. and Das, I. and Das, K. and Dash, A. and Dash, S. and De, S. and De Azevedo Moregula, A. and de Barros, G. O. V. and De Caro, A. and de Cataldo, G. and de Cuveland, J. and De Falco, A. and De Gruttola, D. and De Marco, N. and De Pasquale, S. and De Remigis, R. and de Rooij, R. and Debski, P. R. and Del Castillo Sanchez, E. and Delagrange, H. and Delgado Mercado, Y. and Dellacasa, G. and Deloff, A. and Demanov, V. and D\'enes, E. and Deppman, A. and Di Bari, D. and Di Giglio, C. and Di Liberto, S. and Di Mauro, A. and Di Nezza, P. and Dietel, T. and Divi\`a, R. and Djuvsland, \O{}. and Dobrin, A. and Dobrowolski, T. and Dom\'{\i}nguez, I. and D\"onigus, B. and Dordic, O. and Driga, O. and Dubey, A. K. and Dubuisson, J. and Ducroux, L. and Dupieux, P. and Dutta Majumdar, A. K. and Dutta Majumdar, M. R. and Elia, D. and Emschermann, D. and Engel, H. and Erdal, H. A. and Espagnon, B. and Estienne, M. and Esumi, S. and Evans, D. and Evrard, S. and Eyyubova, G. and Fabjan, C. W. and Fabris, D. and Faivre, J. and Falchieri, D. and Fantoni, A. and Fasel, M. and Fearick, R. and Fedunov, A. and Fehlker, D. and Fekete, V. and Felea, D. and Feofilov, G. and Fern\'andez T\'ellez, A. and Ferretti, A. and Ferretti, R. and Figiel, J. and Figueredo, M. A. S. and Filchagin, S. and Fini, R. and Finogeev, D. and Fionda, F. M. and Fiore, E. M. and Floris, M. and Foertsch, S. and Foka, P. and Fokin, S. and Fragiacomo, E. and Fragkiadakis, M. and Frankenfeld, U. and Fuchs, U. and Furano, F. and Furget, C. and Fusco Girard, M. and Gaardh\o{}je, J. J. and Gadrat, S. and Gagliardi, M. and Gago, A. and Gallio, M. and Gangadharan, D. R. and Ganoti, P. and Ganti, M. S. and Garabatos, C. and Garcia-Solis, E. and Garishvili, I. and Gemme, R. and Gerhard, J. and Germain, M. and Geuna, C. and Gheata, A. and Gheata, M. and Ghidini, B. and Ghosh, P. and Gianotti, P. and Girard, M. R. and Giraudo, G. and Giubellino, P. and Gladysz-Dziadus, E. and Gl\"assel, P. and Gomez, R. and Ferreiro, E. G. and Gonz\'alez Santos, H. and Gonz\'alez-Trueba, L. H. and Gonz\'alez-Zamora, P. and Gorbunov, S. and Gotovac, S. and Grabski, V. and Grajcarek, R. and Grelli, A. and Grigoras, A. and Grigoras, C. and Grigoriev, V. and Grigoryan, A. and Grigoryan, S. and Grinyov, B. and Grion, N. and Gros, P. and Grosse-Oetringhaus, J. F. and Grossiord, J.-Y. and Grosso, R. and Guber, F. and Guernane, R. and Guerra Gutierrez, C. and Guerzoni, B. and Gulbrandsen, K. and Gunji, T. and Gupta, A. and Gupta, R. and Gutbrod, H. and Haaland, \O{}. and Hadjidakis, C. and Haiduc, M. and Hamagaki, H. and Hamar, G. and Harris, J. W. and Hartig, M. and Hasch, D. and Hasegan, D. and Hatzifotiadou, D. and Hayrapetyan, A. and Heide, M. and Heinz, M. and Helstrup, H. and Herghelegiu, A. and Hern\'andez, C. and Herrera Corral, G. and Herrmann, N. and Hetland, K. F. and Hicks, B. and Hille, P. T. and Hippolyte, B. and Horaguchi, T. and Hori, Y. and Hristov, P. and H\ifmmode \check{r}\else \v{r}\fi{}ivn\'a\ifmmode \check{c}\else \v{c}\fi{}ov\'a, I. and Huang, M. and Huber, S. and Humanic, T. J. and Hwang, D. S. and Ichou, R. and Ilkaev, R. and Ilkiv, I. and Inaba, M. and Incani, E. and Innocenti, G. M. and Innocenti, P. G. and Ippolitov, M. and Irfan, M. and Ivan, C. and Ivanov, A. and Ivanov, M. and Ivanov, V. and Jacho\l{}kowski, A. and Jacobs, P. M. and Jancurov\'a, L. and Jangal, S. and Janik, R. and Jena, S. and Jirden, L. and Jones, G. T. and Jones, P. G. and Jovanovi\ifmmode \acute{c}\else \'{c}\fi{}, P. and Jung, H. and Jung, W. and Jusko, A. and Kalcher, S. and Kali\ifmmode \check{n}\else \v{n}\fi{}\'ak, P. and Kalisky, M. and Kalliokoski, T. and Kalweit, A. and Kamermans, R. and Kanaki, K. and Kang, E. and Kang, J. H. and Kaplin, V. and Karavichev, O. and Karavicheva, T. and Karpechev, E. and Kazantsev, A. and Kebschull, U. and Keidel, R. and Khan, M. M. and Khan, S. A. and Khanzadeev, A. and Kharlov, Y. and Kileng, B. and Kim, D. J. and Kim, D. S. and Kim, D. W. and Kim, H. N. and Kim, J. H. and Kim, J. S. and Kim, M. and Kim, M. and Kim, S. and Kim, S. H. and Kirsch, S. and Kisel, I. and Kiselev, S. and Kisiel, A. and Klay, J. L. and Klein, J. and Klein-B\"osing, C. and Kliemant, M. and Klovning, A. and Kluge, A. and Knichel, M. L. and Koch, K. and K\"ohler, M. K. and Kolevatov, R. and Kolojvari, A. and Kondratiev, V. and Kondratyeva, N. and Konevskih, A. and Korna\ifmmode \acute{s}\else \'{s}\fi{}, E. and Kottachchi Kankanamge Don, C. and Kour, R. and Kowalski, M. and Kox, S. and Koyithatta Meethaleveedu, G. and Kozlov, K. and Kral, J. and Kr\'alik, I. and Kramer, F. and Kraus, I. and Krawutschke, T. and Kretz, M. and Krivda, M. and Krizek, F. and Krumbhorn, D. and Krus, M. and Kryshen, E. and Krzewicki, M. and Kucheriaev, Y. and Kuhn, C. and Kuijer, P. G. and Kurashvili, P. and Kurepin, A. and Kurepin, A. B. and Kuryakin, A. and Kushpil, S. and Kushpil, V. and Kweon, M. J. and Kwon, Y. and La Rocca, P. and Ladr\'on de Guevara, P. and Lafage, V. and Lara, C. and Lardeux, A. and Larsen, D. T. and Lazzeroni, C. and Le Bornec, Y. and Lea, R. and Lee, K. S. and Lee, S. C. and Lef\`evre, F. and Lehnert, J. and Leistam, L. and Lenhardt, M. and Lenti, V. and Le\'on Monz\'on, I. and Le\'on Vargas, H. and L\'evai, P. and Li, X. and Lien, J. and Lietava, R. and Lindal, S. and Lindenstruth, V. and Lippmann, C. and Lisa, M. A. and Liu, L. and Loenne, P. I. and Loggins, V. R. and Loginov, V. and Lohn, S. and Loizides, C. and Loo, K. K. and Lopez, X. and L\'opez Noriega, M. and L\'opez Torres, E. and L\o{}vh\o{}iden, G. and Lu, X.-G. and Luettig, P. and Lunardon, M. and Luparello, G. and Luquin, L. and Luzzi, C. and Ma, K. and Ma, R. and Madagodahettige-Don, D. M. and Maevskaya, A. and Mager, M. and Mahapatra, D. P. and Maire, A. and Mal'Kevich, D. and Malaev, M. and Maldonado Cervantes, I. and Malinina, L. and Malzacher, P. and Mamonov, A. and Manceau, L. and Mangotra, L. and Manko, V. and Manso, F. and Manzari, V. and Mao, Y. and Mare\ifmmode \check{s}\else \v{s}\fi{}, J. and Margagliotti, G. V. and Margotti, A. and Mar\'{\i}n, A. and Markert, C. and Martashvili, I. and Martinengo, P. and Mart\'{\i}nez, M. I. and Mart\'{\i}nez Davalos, A. and Mart\'{\i}nez Garc\'{\i}a, G. and Martynov, Y. and Masciocchi, S. and Masera, M. and Masoni, A. and Massacrier, L. and Mastromarco, M. and Mastroserio, A. and Matthews, Z. L. and Matyja, A. and Mayani, D. and Mayer, C. and Mazza, G. and Mazzoni, M. A. and Meddi, F. and Menchaca-Rocha, A. and Mendez Lorenzo, P. and Menis, I. and Mercado P\'erez, J. and Meres, M. and Mereu, P. and Miake, Y. and Midori, J. and Milano, L. and Milosevic, J. and Mischke, A. and Mi\ifmmode \acute{s}\else \'{s}\fi{}kowiec, D. and Mitu, C. and Mlynarz, J. and Mohanty, A. K. and Mohanty, B. and Molnar, L. and Monta\~no Zetina, L. and Monteno, M. and Montes, E. and Morando, M. and Moreira De Godoy, D. A. and Moretto, S. and Morsch, A. and Muccifora, V. and Mudnic, E. and Muhuri, S. and M\"uller, H. and Munhoz, M. G. and Munoz, J. and Musa, L. and Musso, A. and Nandi, B. K. and Nania, R. and Nappi, E. and Nattrass, C. and Navach, F. and Navin, S. and Nayak, T. K. and Nazarenko, S. and Nazarov, G. and Nedosekin, A. and Nendaz, F. and Newby, J. and Nicassio, M. and Nielsen, B. S. and Niida, T. and Nikolaev, S. and Nikolic, V. and Nikulin, S. and Nikulin, V. and Nilsen, B. S. and Nilsson, M. S. and Noferini, F. and Nooren, G. and Novitzky, N. and Nyanin, A. and Nyatha, A. and Nygaard, C. and Nystrand, J. and Obayashi, H. and Ochirov, A. and Oeschler, H. and Oh, S. K. and Oleniacz, J. and Oppedisano, C. and Ortiz Velasquez, A. and Ortona, G. and Oskarsson, A. and Ostrowski, P. and Otterlund, I. and Otwinowski, J. and Oyama, K. and Ozawa, K. and Pachmayer, Y. and Pachr, M. and Padilla, F. and Pagano, P. and Jayarathna, S. P. and Pai\ifmmode \acute{c}\else \'{c}\fi{}, G. and Painke, F. and Pajares, C. and Pal, S. and Pal, S. K. and Palaha, A. and Palmeri, A. and Pappalardo, G. S. and Park, W. J. and Patalakha, D. I. and Paticchio, V. and Pavlinov, A. and Pawlak, T. and Peitzmann, T. and Peresunko, D. and P\'erez Lara, C. E. and Perini, D. and Perrino, D. and Peryt, W. and Pesci, A. and Peskov, V. and Pestov, Y. and Peters, A. J. and Petr\'a\ifmmode \check{c}\else \v{c}\fi{}ek, V. and Petran, M. and Petris, M. and Petrov, P. and Petrovici, M. and Petta, C. and Piano, S. and Piccotti, A. and Pikna, M. and Pillot, P. and Pinazza, O. and Pinsky, L. and Pitz, N. and Piuz, F. and Piyarathna, D. B. and Platt, R. and P\l{}osko\ifmmode \acute{n}\else \'{n}\fi{}, M. and Pluta, J. and Pocheptsov, T. and Pochybova, S. and Podesta-Lerma, P. L. M. and Poghosyan, M. G. and Pol\'ak, K. and Polichtchouk, B. and Pop, A. and Porteboeuf, S. and Posp\'{\i}\ifmmode \check{s}\else \v{s}\fi{}il, V. and Potukuchi, B. and Prasad, S. K. and Preghenella, R. and Prino, F. and Pruneau, C. A. and Pshenichnov, I. and Puddu, G. and Pulvirenti, A. and Punin, V. and Puti\ifmmode \check{s}\else \v{s}\fi{}, M. and Putschke, J. and Quercigh, E. and Qvigstad, H. and Rachevski, A. and Rademakers, A. and Rademakers, O. and Radomski, S. and R\"aih\"a, T. S. and Rak, J. and Rakotozafindrabe, A. and Ramello, L. and Ram\'{\i}rez Reyes, A. and Rammler, M. and Raniwala, R. and Raniwala, S. and R\"as\"anen, S. S. and Read, K. F. and Real, J. and Redlich, K. and Renfordt, R. and Reolon, A. R. and Reshetin, A. and Rettig, F. and Revol, J.-P. and Reygers, K. and Ricaud, H. and Riccati, L. and Ricci, R. A. and Richter, M. and Riedler, P. and Riegler, W. and Riggi, F. and Rodr\'{\i}guez Cahuantzi, M. and Rohr, D. and R\"ohrich, D. and Romita, R. and Ronchetti, F. and Rosinsk\'y, P. and Rosnet, P. and Rossegger, S. and Rossi, A. and Roukoutakis, F. and Rousseau, S. and Roy, C. and Roy, P. and Rubio Montero, A. J. and Rui, R. and Rivetti, A. and Rusanov, I. and Ryabinkin, E. and Rybicki, A. and Sadovsky, S. and \ifmmode \check{S}\else \v{S}\fi{}afa\ifmmode \check{r}\else \v{r}\fi{}\'{\i}k, K. and Sahoo, R. and Sahu, P. K. and Saini, J. and Saiz, P. and Sakai, S. and Sakata, D. and Salgado, C. A. and Samanta, T. and Sambyal, S. and Samsonov, V. and Sanchez Castro, X. and \ifmmode \check{S}\else \v{S}\fi{}\'andor, L. and Sandoval, A. and Sano, M. and Sano, S. and Santo, R. and Santoro, R. and Sarkamo, J. and Saturnini, P. and Scapparone, E. and Scarlassara, F. and Scharenberg, R. P. and Schiaua, C. and Schicker, R. and Schmidt, C. and Schmidt, H. R. and Schreiner, S. and Schuchmann, S. and Schukraft, J. and Schutz, Y. and Schwarz, K. and Schweda, K. and Scioli, G. and Scomparin, E. and Scott, P. A. and Scott, R. and Segato, G. and Selyuzhenkov, I. and Senyukov, S. and Seo, J. and Serci, S. and Serradilla, E. and Sevcenco, A. and Sgura, I. and Shabratova, G. and Shahoyan, R. and Sharma, N. and Sharma, S. and Shigaki, K. and Shimomura, M. and Shtejer, K. and Sibiriak, Y. and Siciliano, M. and Sicking, E. and Siemiarczuk, T. and Silenzi, A. and Silvermyr, D. and Simonetti, G. and Singaraju, R. and Singh, R. and Singhal, V. and Sinha, B. C. and Sinha, T. and Sitar, B. and Sitta, M. and Skaali, T. B. and Skjerdal, K. and Smakal, R. and Smirnov, N. and Snellings, R. and S\o{}gaard, C. and Soloviev, A. and Soltz, R. and Son, H. and Song, J. and Song, M. and Soos, C. and Soramel, F. and Spyropoulou-Stassinaki, M. and Srivastava, B. K. and Stachel, J. and Stan, I. and Stefanek, G. and Stefanini, G. and Steinbeck, T. and Steinpreis, M. and Stenlund, E. and Steyn, G. and Stocco, D. and Stock, R. and Stokkevag, C. H. and Stolpovskiy, M. and Strmen, P. and Suaide, A. A. P. and Subieta V\'asquez, M. A. and Sugitate, T. and Suire, C. and Sukhorukov, M. and \ifmmode \check{S}\else \v{S}\fi{}umbera, M. and Susa, T. and Swoboda, D. and Symons, T. J. M. and Szanto de Toledo, A. and Szarka, I. and Szostak, A. and Tagridis, C. and Takahashi, J. and Tapia Takaki, J. D. and Tauro, A. and Tavlet, M. and Tejeda Mu\~noz, G. and Telesca, A. and Terrevoli, C. and Th\"ader, J. and Thomas, D. and Thomas, J. H. and Tieulent, R. and Timmins, A. R. and Tlusty, D. and Toia, A. and Torii, H. and Toscano, L. and Tosello, F. and Traczyk, T. and Truesdale, D. and Trzaska, W. H. and Tsuji, T. and Tumkin, A. and Turrisi, R. and Turvey, A. J. and Tveter, T. S. and Ulery, J. and Ullaland, K. and Uras, A. and Urb\'an, J. and Urciuoli, G. M. and Usai, G. L. and Vacchi, A. and Vajzer, M. and Vala, M. and Valencia Palomo, L. and Vallero, S. and van der Kolk, N. and van Leeuwen, M. and Vande Vyvre, P. and Vannucci, L. and Vargas, A. and Varma, R. and Vasileiou, M. and Vasiliev, A. and Vechernin, V. and Veldhoen, M. and Venaruzzo, M. and Vercellin, E. and Vergara, S. and Vernekohl, D. C. and Vernet, R. and Verweij, M. and Vickovic, L. and Viesti, G. and Vikhlyantsev, O. and Vilakazi, Z. and Villalobos Baillie, O. and Vinogradov, A. and Vinogradov, L. and Vinogradov, Y. and Virgili, T. and Viyogi, Y. P. and Vodopyanov, A. and Voloshin, K. and Voloshin, S. and Volpe, G. and von Haller, B. and Vranic, D. and \O{}vrebekk, G. and Vrl\'akov\'a, J. and Vulpescu, B. and Vyushin, A. and Wagner, B. and Wagner, V. and Wan, R. and Wang, D. and Wang, Y. and Wang, Y. and Watanabe, K. and Wessels, J. P. and Westerhoff, U. and Wiechula, J. and Wikne, J. and Wilde, M. and Wilk, A. and Wilk, G. and Williams, M. C. S. and Windelband, B. and Xaplanteris Karampatsos, L. and Yang, H. and Yang, S. and Yasnopolskiy, S. and Yi, J. and Yin, Z. and Yokoyama, H. and Yoo, I.-K. and Yu, W. and Yuan, X. and Yushmanov, I. and Zabrodin, E. and Zach, C. and Zampolli, C. and Zaporozhets, S. and Zarochentsev, A. and Z\'avada, P. and Zaviyalov, N. and Zbroszczyk, H. and Zelnicek, P. and Zenin, A. and Zgura, I. and Zhalov, M. and Zhang, X. and Zhou, D. and Zichichi, A. and Zinovjev, G. and Zoccarato, Y. and Zynovyev, M.},
	Collaboration = {ALICE Collaboration},
	Date-Added = {2016-08-23 09:14:36 +0000},
	Date-Modified = {2016-08-23 09:14:36 +0000},
	Doi = {10.1103/PhysRevLett.105.252302},
	Issue = {25},
	Journal = {Phys. Rev. Lett.},
	Month = {Dec},
	Numpages = {11},
	Pages = {252302},
	Publisher = {American Physical Society},
	Title = {Elliptic Flow of Charged Particles in Pb-Pb Collisions at $\sqrt{{s}_{NN}}=2.76\text{ }\text{ }\mathrm{TeV}$},
	Url = {http://link.aps.org/doi/10.1103/PhysRevLett.105.252302},
	Volume = {105},
	Year = {2010},
	Bdsk-Url-1 = {http://link.aps.org/doi/10.1103/PhysRevLett.105.252302},
	Bdsk-Url-2 = {http://dx.doi.org/10.1103/PhysRevLett.105.252302}}

@article{Aad:2014vba,
	Archiveprefix = {arXiv},
	Author = {Aad, Georges and others},
	Collaboration = {ATLAS},
	Date-Added = {2016-08-23 01:57:10 +0000},
	Date-Modified = {2016-08-23 01:57:10 +0000},
	Doi = {10.1140/epjc/s10052-014-3157-z},
	Eprint = {1408.4342},
	Journal = {Eur. Phys. J.},
	Number = {11},
	Pages = {3157},
	Primaryclass = {hep-ex},
	Reportnumber = {CERN-PH-EP-2014-171},
	Slaccitation = {%%CITATION = ARXIV:1408.4342;%%},
	Title = {{Measurement of flow harmonics with multi-particle cumulants in Pb+Pb collisions at $\sqrt{s_{\mathrm {NN}}}=2.76$ TeV with the ATLAS detector}},
	Volume = {C74},
	Year = {2014},
	Bdsk-Url-1 = {http://dx.doi.org/10.1140/epjc/s10052-014-3157-z}}

@book{Cortese:879894,
	Address = {Geneva},
	Author = {Cortese, P and Fabjan, Christian Wolfgang and Riccati, Lodovico and Safar{\'\i}k, Karel and de Groot, Hans},
	Collaboration = {ALICE Collaboration},
	Date-Added = {2016-08-23 01:30:50 +0000},
	Date-Modified = {2016-08-23 01:30:50 +0000},
	Note = {revised version submitted on 2006-05-29 15:15:40},
	Publisher = {CERN},
	Series = {Technical Design Report ALICE},
	Title = {{ALICE physics performance: Technical Design Report}},
	Url = {https://cds.cern.ch/record/879894},
	Year = {2005},
	Bdsk-Url-1 = {https://cds.cern.ch/record/879894}}

@article{Alver:2008zza,
	Archiveprefix = {arXiv},
	Author = {Alver, B. and others},
	Date-Added = {2016-08-23 01:04:09 +0000},
	Date-Modified = {2016-08-23 01:04:09 +0000},
	Doi = {10.1103/PhysRevC.77.014906},
	Eprint = {0711.3724},
	Journal = {Phys. Rev.},
	Pages = {014906},
	Primaryclass = {nucl-ex},
	Slaccitation = {%%CITATION = ARXIV:0711.3724;%%},
	Title = {{Importance of correlations and fluctuations on the initial source eccentricity in high-energy nucleus-nucleus collisions}},
	Volume = {C77},
	Year = {2008},
	Bdsk-Url-1 = {http://dx.doi.org/10.1103/PhysRevC.77.014906}}

@article{PhysRevC.58.1671,
	Author = {Poskanzer, A. M. and Voloshin, S. A.},
	Date-Added = {2016-08-22 14:30:21 +0000},
	Date-Modified = {2016-08-22 14:30:21 +0000},
	Doi = {10.1103/PhysRevC.58.1671},
	Issue = {3},
	Journal = {Phys. Rev. C},
	Month = {Sep},
	Numpages = {0},
	Pages = {1671--1678},
	Publisher = {American Physical Society},
	Title = {Methods for analyzing anisotropic flow in relativistic nuclear collisions},
	Url = {http://link.aps.org/doi/10.1103/PhysRevC.58.1671},
	Volume = {58},
	Year = {1998},
	Bdsk-Url-1 = {http://link.aps.org/doi/10.1103/PhysRevC.58.1671},
	Bdsk-Url-2 = {http://dx.doi.org/10.1103/PhysRevC.58.1671}}

@article{Bzdak:2006qk,
	Archiveprefix = {arXiv},
	Author = {Bzdak, Adam},
	Date-Added = {2016-08-22 14:29:24 +0000},
	Date-Modified = {2016-08-22 14:29:24 +0000},
	Doi = {10.1016/j.physletb.2007.02.043},
	Eprint = {nucl-th/0611085},
	Journal = {Phys. Lett.},
	Pages = {358-360},
	Primaryclass = {nucl-th},
	Slaccitation = {%%CITATION = NUCL-TH/0611085;%%},
	Title = {{Heavy ion collisions in the used nucleon model}},
	Volume = {B647},
	Year = {2007},
	Bdsk-Url-1 = {http://dx.doi.org/10.1016/j.physletb.2007.02.043}}

@article{Voloshin1996,
	Abstract = {We propose a new method to study transverse flow effects in relativistic nuclear collisions by Fourier analysis of the azimuthal distribution on an event-by-event basis in relatively narrow rapidity windows. The distributions of Fourier coefficients provide direct information on the magnitude and type of flow. Directivity and two dimensional sphericity tensor, widely used to analyze flow, emerge naturally in our approach, since they correspond to the distributions of the first and second harmonic coefficients, respectively. The role of finite particle fluctuations and particle correlations is discussed.},
	Author = {Voloshin, S. and Zhang, Y.},
	Date-Added = {2016-08-22 12:01:40 +0000},
	Date-Modified = {2016-08-22 12:01:40 +0000},
	Doi = {10.1007/s002880050141},
	Issn = {1431-5858},
	Journal = {Zeitschrift f{\"u}r Physik C Particles and Fields},
	Number = {4},
	Pages = {665--671},
	Title = {Flow study in relativistic nuclear collisions by Fourier expansion of azimuthal particle distributions},
	Url = {http://dx.doi.org/10.1007/s002880050141},
	Volume = {70},
	Year = {1996},
	Bdsk-Url-1 = {http://dx.doi.org/10.1007/s002880050141}}

@article{PhysRevD.27.140,
	Author = {Bjorken, J. D.},
	Date-Added = {2016-08-22 11:57:54 +0000},
	Date-Modified = {2016-08-22 11:57:54 +0000},
	Doi = {10.1103/PhysRevD.27.140},
	Issue = {1},
	Journal = {Phys. Rev. D},
	Month = {Jan},
	Numpages = {0},
	Pages = {140--151},
	Publisher = {American Physical Society},
	Title = {Highly relativistic nucleus-nucleus collisions: The central rapidity region},
	Url = {http://link.aps.org/doi/10.1103/PhysRevD.27.140},
	Volume = {27},
	Year = {1983},
	Bdsk-Url-1 = {http://link.aps.org/doi/10.1103/PhysRevD.27.140},
	Bdsk-Url-2 = {http://dx.doi.org/10.1103/PhysRevD.27.140}}

@article{Aad:2014fla,
	Archiveprefix = {arXiv},
	Author = {Aad, Georges and others},
	Collaboration = {ATLAS},
	Date-Added = {2016-08-22 07:53:17 +0000},
	Date-Modified = {2016-08-22 07:53:17 +0000},
	Doi = {10.1103/PhysRevC.90.024905},
	Eprint = {1403.0489},
	Journal = {Phys. Rev.},
	Number = {2},
	Pages = {024905},
	Primaryclass = {hep-ex},
	Reportnumber = {CERN-PH-EP-2014-021},
	Slaccitation = {%%CITATION = ARXIV:1403.0489;%%},
	Title = {{Measurement of event-plane correlations in $\sqrt{s_{NN}}=2.76$ TeV lead-lead collisions with the ATLAS detector}},
	Volume = {C90},
	Year = {2014},
	Bdsk-Url-1 = {http://dx.doi.org/10.1103/PhysRevC.90.024905}}

@article{Yan:2015dh,
	Author = {Yan, Li and Ollitrault, Jean-Yves},
	Date-Added = {2016-08-22 07:51:54 +0000},
	Date-Modified = {2016-08-22 07:51:54 +0000},
	Eprint = {1502.02502v1},
	Eprintclass = {nucl-th},
	Eprinttype = {arxiv},
	Journal = {arXiv.org},
	Month = feb,
	Pages = {82--87},
	Title = {{v$_{4}$, v$_{5}$, v$_{6}$, v$_{7}$: nonlinear hydrodynamic response versus LHC data}},
	Year = {2015}}

@article{PhysRevC.85.024908,
	Author = {Gardim, Fernando G. and Grassi, Fr\'ed\'erique and Luzum, Matthew and Ollitrault, Jean-Yves},
	Date-Added = {2016-08-22 06:17:53 +0000},
	Date-Modified = {2016-08-22 06:17:53 +0000},
	Doi = {10.1103/PhysRevC.85.024908},
	Issue = {2},
	Journal = {Phys. Rev. C},
	Month = {Feb},
	Numpages = {7},
	Pages = {024908},
	Publisher = {American Physical Society},
	Title = {Mapping the hydrodynamic response to the initial geometry in heavy-ion collisions},
	Url = {http://link.aps.org/doi/10.1103/PhysRevC.85.024908},
	Volume = {85},
	Year = {2012},
	Bdsk-Url-1 = {http://link.aps.org/doi/10.1103/PhysRevC.85.024908},
	Bdsk-Url-2 = {http://dx.doi.org/10.1103/PhysRevC.85.024908}}

@article{Bhalerao:2015jg,
	Author = {Bhalerao, Rajeev S . and Ollitrault, Jean- Yves and Pal, Subrata},
	Date-Added = {2016-08-22 05:38:19 +0000},
	Date-Modified = {2016-08-22 05:38:19 +0000},
	Journal = {Physics Letters B},
	Month = mar,
	Number = {C},
	Pages = {94--98},
	Title = {{Characterizing flow fluctuations with moments}},
	Volume = {742},
	Year = {2015}}

@article{Shen:2014vra,
	Archiveprefix = {arXiv},
	Author = {Shen, Chun and Qiu, Zhi and Song, Huichao and Bernhard, Jonah and Bass, Steffen and Heinz, Ulrich},
	Date-Added = {2016-08-22 03:39:13 +0000},
	Date-Modified = {2016-08-22 03:39:13 +0000},
	Doi = {10.1016/j.cpc.2015.08.039},
	Eprint = {1409.8164},
	Journal = {Comput. Phys. Commun.},
	Pages = {61-85},
	Primaryclass = {nucl-th},
	Slaccitation = {%%CITATION = ARXIV:1409.8164;%%},
	Title = {{The iEBE-VISHNU code package for relativistic heavy-ion collisions}},
	Volume = {199},
	Year = {2016},
	Bdsk-Url-1 = {http://dx.doi.org/10.1016/j.cpc.2015.08.039}}

@inproceedings{Eskola:2015uda,
	Archiveprefix = {arXiv},
	Author = {Eskola, K. J. and Niemi, H. and Paatelainen, R.},
	Booktitle = {{Proceedings, 7th International Conference on Hard and Electromagnetic Probes of High-Energy Nuclear Collisions (Hard Probes 2015): Montr{\'e}al, Qu{\'e}bec, Canada, June 29-July 3, 2015}},
	Date-Added = {2016-08-19 06:41:03 +0000},
	Date-Modified = {2016-08-19 06:41:03 +0000},
	Doi = {10.1016/j.nuclphysbps.2016.05.034},
	Eprint = {1509.02767},
	Primaryclass = {hep-ph},
	Slaccitation = {%%CITATION = ARXIV:1509.02767;%%},
	Title = {{Pinning down QCD-matter shear viscosity in ultrarelativistic heavy-ion collisions via EbyE fluctuations using pQCD + saturation + hydrodynamics}},
	Url = {https://inspirehep.net/record/1392658/files/arXiv:1509.02767.pdf},
	Year = {2016},
	Bdsk-Url-1 = {https://inspirehep.net/record/1392658/files/arXiv:1509.02767.pdf},
	Bdsk-Url-2 = {http://dx.doi.org/10.1016/j.nuclphysbps.2016.05.034}}

@article{Giacalone:2016afq,
	Archiveprefix = {arXiv},
	Author = {Giacalone, Giuliano and Yan, Li and Noronha-Hostler, Jacquelyn and Ollitrault, Jean-Yves},
	Date-Added = {2016-08-17 07:34:09 +0000},
	Date-Modified = {2016-08-17 07:34:09 +0000},
	Doi = {10.1103/PhysRevC.94.014906},
	Eprint = {1605.08303},
	Journal = {Phys. Rev.},
	Number = {1},
	Pages = {014906},
	Primaryclass = {nucl-th},
	Reportnumber = {SACLAY-T16-042},
	Slaccitation = {%%CITATION = ARXIV:1605.08303;%%},
	Title = {{Symmetric cumulants and event-plane correlations in Pb + Pb collisions}},
	Volume = {C94},
	Year = {2016},
	Bdsk-Url-1 = {http://dx.doi.org/10.1103/PhysRevC.94.014906}}

@article{Kolb:2003dz,
	Archiveprefix = {arXiv},
	Author = {Kolb, Peter F. and Heinz, Ulrich W.},
	Date-Added = {2016-07-08 06:53:07 +0000},
	Date-Modified = {2016-07-08 06:53:07 +0000},
	Eprint = {nucl-th/0305084},
	Primaryclass = {nucl-th},
	Reportnumber = {SUNY-NTG-03-06},
	Slaccitation = {%%CITATION = NUCL-TH/0305084;%%},
	Title = {{Hydrodynamic description of ultrarelativistic heavy ion collisions}},
	Year = {2003}}

@article{Snellings:2011sz,
	Archiveprefix = {arXiv},
	Author = {Snellings, Raimond},
	Date-Added = {2016-07-08 06:39:42 +0000},
	Date-Modified = {2016-07-08 06:39:42 +0000},
	Doi = {10.1088/1367-2630/13/5/055008},
	Eprint = {1102.3010},
	Journal = {New J. Phys.},
	Pages = {055008},
	Primaryclass = {nucl-ex},
	Slaccitation = {%%CITATION = ARXIV:1102.3010;%%},
	Title = {{Elliptic Flow: A Brief Review}},
	Volume = {13},
	Year = {2011},
	Bdsk-Url-1 = {http://dx.doi.org/10.1088/1367-2630/13/5/055008}}

@article{Shen:2011eg,
	Archiveprefix = {arXiv},
	Author = {Shen, Chun and Heinz, Ulrich and Huovinen, Pasi and Song, Huichao},
	Date-Added = {2016-07-08 06:33:59 +0000},
	Date-Modified = {2016-07-08 06:33:59 +0000},
	Doi = {10.1103/PhysRevC.84.044903},
	Eprint = {1105.3226},
	Journal = {Phys. Rev.},
	Pages = {044903},
	Primaryclass = {nucl-th},
	Slaccitation = {%%CITATION = ARXIV:1105.3226;%%},
	Title = {{Radial and elliptic flow in Pb+Pb collisions at the Large Hadron Collider from viscous hydrodynamic}},
	Volume = {C84},
	Year = {2011},
	Bdsk-Url-1 = {http://dx.doi.org/10.1103/PhysRevC.84.044903}}

@webpage{fig_phase_dia,
	Date-Added = {2016-07-07 14:14:48 +0000},
	Date-Modified = {2016-08-30 06:24:50 +0000},
	Title = {Closing in on the Border Between Primordial Plasma and Ordinary Matter},
	Url = {https://www.bnl.gov/rhic/news2},
	Bdsk-Url-1 = {https://www.bnl.gov/rhic/news2}}

@article{karsch,
	Author = {F. Karsch},
	Date-Added = {2016-07-07 14:06:24 +0000},
	Date-Modified = {2016-07-07 14:08:12 +0000},
	Journal = {PoSCPOD},
	Number = {026},
	Volume = {07},
	Year = {(2007)}}

@article{CABIBBO197567,
	Abstract = {The exponentially increasing spectrum proposed by Hagedorn is not necessarily connected with a limiting temperature, but it is present in any system which undergoes a second order phase transition. We suggest that the {\^a}observed{\^a} exponential spectrum is connected to the existence of a different phase of the vacuum in which quarks are not confined.},
	Author = {N. Cabibbo and G. Parisi},
	Date-Added = {2016-07-07 13:59:49 +0000},
	Date-Modified = {2016-07-07 13:59:49 +0000},
	Doi = {http://dx.doi.org/10.1016/0370-2693(75)90158-6},
	Issn = {0370-2693},
	Journal = {Physics Letters B},
	Number = {1},
	Pages = {67 - 69},
	Title = {Exponential hadronic spectrum and quark liberation},
	Url = {http://www.sciencedirect.com/science/article/pii/0370269375901586},
	Volume = {59},
	Year = {1975},
	Bdsk-Url-1 = {http://www.sciencedirect.com/science/article/pii/0370269375901586},
	Bdsk-Url-2 = {http://dx.doi.org/10.1016/0370-2693(75)90158-6}}

@article{PhysRevLett.34.1353,
	Author = {Collins, J. C. and Perry, M. J.},
	Date-Added = {2016-07-07 13:58:27 +0000},
	Date-Modified = {2016-07-07 13:58:27 +0000},
	Doi = {10.1103/PhysRevLett.34.1353},
	Issue = {21},
	Journal = {Phys. Rev. Lett.},
	Month = {May},
	Numpages = {0},
	Pages = {1353--1356},
	Publisher = {American Physical Society},
	Title = {Superdense Matter: Neutrons or Asymptotically Free Quarks?},
	Url = {http://link.aps.org/doi/10.1103/PhysRevLett.34.1353},
	Volume = {34},
	Year = {1975},
	Bdsk-Url-1 = {http://link.aps.org/doi/10.1103/PhysRevLett.34.1353},
	Bdsk-Url-2 = {http://dx.doi.org/10.1103/PhysRevLett.34.1353}}

@article{PhysRevLett.30.1346,
	Author = {Politzer, H. David},
	Date-Added = {2016-07-07 13:07:17 +0000},
	Date-Modified = {2016-07-07 13:07:17 +0000},
	Doi = {10.1103/PhysRevLett.30.1346},
	Issue = {26},
	Journal = {Phys. Rev. Lett.},
	Month = {Jun},
	Numpages = {0},
	Pages = {1346--1349},
	Publisher = {American Physical Society},
	Title = {Reliable Perturbative Results for Strong Interactions?},
	Url = {http://link.aps.org/doi/10.1103/PhysRevLett.30.1346},
	Volume = {30},
	Year = {1973},
	Bdsk-Url-1 = {http://link.aps.org/doi/10.1103/PhysRevLett.30.1346},
	Bdsk-Url-2 = {http://dx.doi.org/10.1103/PhysRevLett.30.1346}}

@article{PhysRevLett.30.1343,
	Author = {Gross, David J. and Wilczek, Frank},
	Date-Added = {2016-07-07 13:05:21 +0000},
	Date-Modified = {2016-07-07 13:05:21 +0000},
	Doi = {10.1103/PhysRevLett.30.1343},
	Issue = {26},
	Journal = {Phys. Rev. Lett.},
	Month = {Jun},
	Numpages = {0},
	Pages = {1343--1346},
	Publisher = {American Physical Society},
	Title = {Ultraviolet Behavior of Non-Abelian Gauge Theories},
	Url = {http://link.aps.org/doi/10.1103/PhysRevLett.30.1343},
	Volume = {30},
	Year = {1973},
	Bdsk-Url-1 = {http://link.aps.org/doi/10.1103/PhysRevLett.30.1343},
	Bdsk-Url-2 = {http://dx.doi.org/10.1103/PhysRevLett.30.1343}}
